<collection xmlns="http://www.loc.gov/MARC21/slim">
<record>
  <leader>01590cz  a2200313n  4500</leader>
  <controlfield tag="001">6267464</controlfield>
  <controlfield tag="003">DLC</controlfield>
  <controlfield tag="005">20200104073522.0</controlfield>
  <controlfield tag="008">040609n| azannaabn          |a aaa      </controlfield>
  <datafield tag="010" ind1=" " ind2=" ">
    <subfield code="a">n 2004022242</subfield>
  </datafield>
  <datafield tag="016" ind1=" " ind2=" ">
    <subfield code="a">1016H2804E</subfield>
  </datafield>
  <datafield tag="035" ind1=" " ind2=" ">
    <subfield code="a">(OCoLC)oca06367905</subfield>
  </datafield>
  <datafield tag="040" ind1=" " ind2=" ">
    <subfield code="a">DLC</subfield>
    <subfield code="b">eng</subfield>
    <subfield code="e">rda</subfield>
    <subfield code="c">DLC</subfield>
    <subfield code="d">CaOONL</subfield>
  </datafield>
  <datafield tag="042" ind1=" " ind2=" ">
    <subfield code="a">nlc</subfield>
  </datafield>
  <datafield tag="046" ind1=" " ind2=" ">
    <subfield code="f">1968</subfield>
    <subfield code="2">edtf</subfield>
  </datafield>
  <datafield tag="100" ind1="1" ind2=" ">
    <subfield code="a">King, J. R.</subfield>
    <subfield code="q">(Jacquelynne R.),</subfield>
    <subfield code="d">1968-</subfield>
  </datafield>
  <datafield tag="370" ind1=" " ind2=" ">
    <subfield code="c">Canada</subfield>
    <subfield code="2">naf</subfield>
  </datafield>
  <datafield tag="373" ind1=" " ind2=" ">
    <subfield code="a">Pacific Biological Station (1972- )</subfield>
    <subfield code="a">University of British Columbia</subfield>
    <subfield code="2">naf</subfield>
  </datafield>
  <datafield tag="377" ind1=" " ind2=" ">
    <subfield code="a">eng</subfield>
  </datafield>
  <datafield tag="378" ind1=" " ind2=" ">
    <subfield code="q">Jacquelynne R.</subfield>
  </datafield>
  <datafield tag="400" ind1="1" ind2=" ">
    <subfield code="a">King, Jacquelynne R.,</subfield>
    <subfield code="d">1968-</subfield>
  </datafield>
  <datafield tag="400" ind1="1" ind2=" ">
    <subfield code="a">King, Jackie,</subfield>
    <subfield code="d">1968-</subfield>
  </datafield>
  <datafield tag="670" ind1=" " ind2=" ">
    <subfield code="a">OCLC #55491340: Haggarty, D. R. Bottom trawl survey of young-of-the-year lingcod (Ophiodon elongatus) in the Strait of Georgia by the R/V Neocaligus, July 28-August 9, 2003, 2004</subfield>
    <subfield code="b">(hdg.: King, J. R. (Jacquelynne R.); usage: J.R. King)</subfield>
  </datafield>
  <datafield tag="670" ind1=" " ind2=" ">
    <subfield code="a">Amicus, June 9, 2004</subfield>
    <subfield code="b">(King, J. R. (Jacquelynne R.), 1968- )</subfield>
  </datafield>
  <datafield tag="670" ind1=" " ind2=" ">
    <subfield code="a">Canadiana, January 3, 2020</subfield>
    <subfield code="b">(access point: King, Jacquelynne R., 1968-; born 1968)</subfield>
  </datafield>
  <datafield tag="670" ind1=" " ind2=" ">
    <subfield code="a">Sharks, skates, rays and chimeras of British Columbia, 2020:</subfield>
    <subfield code="b">CIP title page (Jackie King) LAC CIP application (born 1968; Canadian)</subfield>
  </datafield>
  <datafield tag="670" ind1=" " ind2=" ">
    <subfield code="a">Government of Canada website, viewed on January 3, 2020</subfield>
    <subfield code="b">(Jacquelynne (Jackie) King; research scientist, Fisheries and Oceans Canada, Pacific Biological Station; professor at University of British Columbia)</subfield>
    <subfield code="u">https://profils-profiles.science.gc.ca/en/profile/jacquelynne-jackie-king</subfield>
  </datafield>
  <datafield tag="700" ind1="1" ind2="6">
    <subfield code="a">King, Jacquelynne R.,</subfield>
    <subfield code="d">1968-</subfield>
    <subfield code="0">(CaOONL)ncf10541382</subfield>
  </datafield>
  <datafield tag="953" ind1=" " ind2=" ">
    <subfield code="a">ta30</subfield>
  </datafield>
</record>