
<record>
  <leader>01084cz  a2200217n  4500</leader>
  <controlfield tag="001">6273408</controlfield>
  <controlfield tag="003">DLC</controlfield>
  <controlfield tag="005">20200104073522.0</controlfield>
  <controlfield tag="008">040616n| azannaabn          |a aaa     c</controlfield>
  <datafield tag="010" ind1=" " ind2=" ">
    <subfield code="a">no2004057817</subfield>
  </datafield>
  <datafield tag="035" ind1=" " ind2=" ">
    <subfield code="a">(OCoLC)oca06371568</subfield>
  </datafield>
  <datafield tag="040" ind1=" " ind2=" ">
    <subfield code="a">NBuU</subfield>
    <subfield code="b">eng</subfield>
    <subfield code="e">rda</subfield>
    <subfield code="c">NBuU</subfield>
    <subfield code="d">DLC</subfield>
    <subfield code="d">DNLM</subfield>
  </datafield>
  <datafield tag="100" ind1="1" ind2=" ">
    <subfield code="a">Maestas, Nicole</subfield>
  </datafield>
  <datafield tag="378" ind1=" " ind2=" ">
    <subfield code="q">Nicole Anne</subfield>
  </datafield>
  <datafield tag="400" ind1="1" ind2=" ">
    <subfield code="a">Maestas, Nicole Anne</subfield>
  </datafield>
  <datafield tag="670" ind1=" " ind2=" ">
    <subfield code="a">The impact of nearly universal insurance coverage on health care utilization and health, c2004:</subfield>
    <subfield code="b">t.p. (Nicole Maestas)</subfield>
  </datafield>
  <datafield tag="670" ind1=" " ind2=" ">
    <subfield code="a">OCLC, June 16, 2004</subfield>
    <subfield code="b">(hdg.: Maestas, Nicole; Maestas, Nicole Anne; usage: Nicole Maestas; Nicole Anne Maestas)</subfield>
  </datafield>
  <datafield tag="670" ind1=" " ind2=" ">
    <subfield code="a">An outcome evaluation of the Spirituality for Kids Program, c2008:</subfield>
    <subfield code="b">ECIP t.p. (Nicole Maestas)</subfield>
  </datafield>
  <datafield tag="670" ind1=" " ind2=" ">
    <subfield code="a">Rand Corp. website, May 5, 2008</subfield>
    <subfield code="b">(Rand expert biography:  Nicole Maestas, economist; expertise:  Retirement behavior, health insurance)</subfield>
  </datafield>
  <datafield tag="670" ind1=" " ind2=" ">
    <subfield code="a">Public vs. private provision of social insurance, July 2019:</subfield>
    <subfield code="b">t.p. (Nicole Maestas) abstract p. (Harvard Medical School, Department of Health Care Policy, Boston; NBER)</subfield>
  </datafield>
  <datafield tag="953" ind1=" " ind2=" ">
    <subfield code="b">se53</subfield>
  </datafield>
</record>