
<record>
  <leader>01292cz  a2200301n  4500</leader>
  <controlfield tag="001">6294113</controlfield>
  <controlfield tag="003">DLC</controlfield>
  <controlfield tag="005">20200104073523.0</controlfield>
  <controlfield tag="008">040714n| azannaabn          |b aaa      </controlfield>
  <datafield tag="010" ind1=" " ind2=" ">
    <subfield code="a">nr2004021038</subfield>
  </datafield>
  <datafield tag="035" ind1=" " ind2=" ">
    <subfield code="a">(OCoLC)oca06395659</subfield>
  </datafield>
  <datafield tag="040" ind1=" " ind2=" ">
    <subfield code="a">DLC-R</subfield>
    <subfield code="b">eng</subfield>
    <subfield code="c">DLC-R</subfield>
    <subfield code="d">OCoLC</subfield>
    <subfield code="e">rda</subfield>
    <subfield code="d">SG-SiILA</subfield>
    <subfield code="d">MH</subfield>
  </datafield>
  <datafield tag="046" ind1=" " ind2=" ">
    <subfield code="f">1930</subfield>
  </datafield>
  <datafield tag="053" ind1=" " ind2="0">
    <subfield code="a">PL2909.I225</subfield>
  </datafield>
  <datafield tag="100" ind1="1" ind2=" ">
    <subfield code="a">Tian, Liu,</subfield>
    <subfield code="d">1930-</subfield>
  </datafield>
  <datafield tag="370" ind1=" " ind2=" ">
    <subfield code="a">Singapore</subfield>
  </datafield>
  <datafield tag="374" ind1=" " ind2=" ">
    <subfield code="a">Authors, Chinese</subfield>
    <subfield code="a">Authors, Singaporean</subfield>
    <subfield code="2">lcsh</subfield>
  </datafield>
  <datafield tag="375" ind1=" " ind2=" ">
    <subfield code="a">male</subfield>
  </datafield>
  <datafield tag="377" ind1=" " ind2=" ">
    <subfield code="a">chi</subfield>
  </datafield>
  <datafield tag="400" ind1="1" ind2=" ">
    <subfield code="a">田流,</subfield>
    <subfield code="d">1930-</subfield>
  </datafield>
  <datafield tag="400" ind1="1" ind2=" ">
    <subfield code="a">钟文灵,</subfield>
    <subfield code="d">1930-</subfield>
  </datafield>
  <datafield tag="500" ind1="1" ind2=" ">
    <subfield code="a">Zhong, Wenling,</subfield>
    <subfield code="d">1930-</subfield>
  </datafield>
  <datafield tag="667" ind1=" " ind2=" ">
    <subfield code="a">Machine-derived non-Latin script reference project.</subfield>
  </datafield>
  <datafield tag="667" ind1=" " ind2=" ">
    <subfield code="a">Non-Latin script references not evaluated.</subfield>
  </datafield>
  <datafield tag="667" ind1=" " ind2=" ">
    <subfield code="a">Non-Latin script references reviewed in NACO CJK Funnel References Project.</subfield>
  </datafield>
  <datafield tag="670" ind1=" " ind2=" ">
    <subfield code="a">An zhong an, 2001:</subfield>
    <subfield code="b">t.p. (Tian Liu) front flap (Tian Liu, original name: Zhong Wenling; b. 1930 in Singapore)</subfield>
  </datafield>
  <datafield tag="670" ind1=" " ind2=" ">
    <subfield code="a">Xinjiapo Hua wen zuo jia zhuan lue, 2005:</subfield>
    <subfield code="b">page 335 (田流 = Tian Liu; real name: 钟文灵 = Zhong Wenling; pen names: 方亮 = Fang Liang, 鲁克 = Lu Ke, 哨兵 = Shaobing, 司马班 = Sima Ban, 雷霆 = Leiting; writer)</subfield>
  </datafield>
  <datafield tag="670" ind1=" " ind2=" ">
    <subfield code="a">LC database, December 19, 2019</subfield>
    <subfield code="b">(access point: 田流, 1930- = Tian, Liu, 1930-; usage: 田流 = Tian Liu)</subfield>
  </datafield>
</record>