
<record>
  <leader>01030cz  a2200277n  4500</leader>
  <controlfield tag="001">6333946</controlfield>
  <controlfield tag="003">DLC</controlfield>
  <controlfield tag="005">20200104073523.0</controlfield>
  <controlfield tag="008">040831n| azannaabn          |n aaa     c</controlfield>
  <datafield tag="010" ind1=" " ind2=" ">
    <subfield code="a">nr2004026329</subfield>
  </datafield>
  <datafield tag="016" ind1=" " ind2=" ">
    <subfield code="a">1010E1492E</subfield>
  </datafield>
  <datafield tag="035" ind1=" " ind2=" ">
    <subfield code="a">(OCoLC)oca06434895</subfield>
  </datafield>
  <datafield tag="040" ind1=" " ind2=" ">
    <subfield code="a">IOrQBI</subfield>
    <subfield code="b">eng</subfield>
    <subfield code="e">rda</subfield>
    <subfield code="c">IOrQBI</subfield>
    <subfield code="d">ICrlF</subfield>
    <subfield code="d">CaOONL</subfield>
  </datafield>
  <datafield tag="042" ind1=" " ind2=" ">
    <subfield code="a">nlc</subfield>
  </datafield>
  <datafield tag="046" ind1=" " ind2=" ">
    <subfield code="f">1971-03-19</subfield>
    <subfield code="2">edtf</subfield>
  </datafield>
  <datafield tag="053" ind1=" " ind2="4">
    <subfield code="a">PS8576.E7737</subfield>
    <subfield code="5">CaOONL</subfield>
  </datafield>
  <datafield tag="100" ind1="1" ind2=" ">
    <subfield code="a">Messier, Mireille,</subfield>
    <subfield code="d">1971-</subfield>
  </datafield>
  <datafield tag="370" ind1=" " ind2=" ">
    <subfield code="a">Montréal (Québec)</subfield>
    <subfield code="c">Canada</subfield>
    <subfield code="e">Ottawa (Ont.)</subfield>
    <subfield code="e">Toronto (Ont.)</subfield>
    <subfield code="2">naf</subfield>
  </datafield>
  <datafield tag="372" ind1=" " ind2=" ">
    <subfield code="a">Children&apos;s literature</subfield>
    <subfield code="2">lcsh</subfield>
  </datafield>
  <datafield tag="374" ind1=" " ind2=" ">
    <subfield code="a">Authors</subfield>
    <subfield code="2">lcsh</subfield>
  </datafield>
  <datafield tag="375" ind1=" " ind2=" ">
    <subfield code="a">Females</subfield>
    <subfield code="2">lcdgt</subfield>
  </datafield>
  <datafield tag="377" ind1=" " ind2=" ">
    <subfield code="a">fre</subfield>
    <subfield code="a">eng</subfield>
  </datafield>
  <datafield tag="670" ind1=" " ind2=" ">
    <subfield code="a">Competition, c2004:</subfield>
    <subfield code="b">t.p. (Mireille Messier) NLC CIP, p. 32 (Messier, Mireille, 1971-)</subfield>
  </datafield>
  <datafield tag="670" ind1=" " ind2=" ">
    <subfield code="a">LAC in VIAF, Oct. 25, 2017</subfield>
    <subfield code="b">(Messier, Mireille, 1971- ; Canadian ; 1971-03-19)</subfield>
  </datafield>
  <datafield tag="670" ind1=" " ind2=" ">
    <subfield code="a">Treasure, 2019:</subfield>
    <subfield code="b">jacket flap (Mireille Messier; Montreal-born, Ottawa-raised and now Toronto-based children&apos;s writer)</subfield>
  </datafield>
  <datafield tag="700" ind1="1" ind2="6">
    <subfield code="a">Messier, Mireille,</subfield>
    <subfield code="d">1971-</subfield>
    <subfield code="0">(CaOONL)ncf10481513</subfield>
  </datafield>
</record>