
<record>
  <leader>00896cz  a2200217n  4500</leader>
  <controlfield tag="001">6413317</controlfield>
  <controlfield tag="003">DLC</controlfield>
  <controlfield tag="005">20200104073524.0</controlfield>
  <controlfield tag="008">041206n| azannaabn          |b aaa      </controlfield>
  <datafield tag="010" ind1=" " ind2=" ">
    <subfield code="a">n 2004112721</subfield>
  </datafield>
  <datafield tag="035" ind1=" " ind2=" ">
    <subfield code="a">(OCoLC)oca06512426</subfield>
  </datafield>
  <datafield tag="040" ind1=" " ind2=" ">
    <subfield code="a">DLC</subfield>
    <subfield code="b">eng</subfield>
    <subfield code="e">rda</subfield>
    <subfield code="c">DLC</subfield>
    <subfield code="d">InU</subfield>
  </datafield>
  <datafield tag="100" ind1="1" ind2=" ">
    <subfield code="a">Serogodskiĭ, N. A.</subfield>
    <subfield code="q">(Nikolaĭ Aleksandrovich)</subfield>
  </datafield>
  <datafield tag="375" ind1=" " ind2=" ">
    <subfield code="a">Males</subfield>
    <subfield code="2">lcdgt</subfield>
  </datafield>
  <datafield tag="377" ind1=" " ind2=" ">
    <subfield code="a">rus</subfield>
  </datafield>
  <datafield tag="400" ind1="1" ind2=" ">
    <subfield code="a">Серогодский, Н. А.</subfield>
    <subfield code="q">(Николай Александрович)</subfield>
  </datafield>
  <datafield tag="400" ind1="1" ind2=" ">
    <subfield code="a">Серогодский, Николай Александрович</subfield>
  </datafield>
  <datafield tag="400" ind1="1" ind2=" ">
    <subfield code="a">Serogodskiĭ, Nikolaĭ Aleksandrovich</subfield>
  </datafield>
  <datafield tag="667" ind1=" " ind2=" ">
    <subfield code="a">Non-Latin script references not evaluated.</subfield>
  </datafield>
  <datafield tag="670" ind1=" " ind2=" ">
    <subfield code="a">Serogodskiĭ, N. A. Prodovolʹstvennai︠a︡ programma i sot︠s︡ialʹno-ėkonomicheskoe razvitie sela 1980-1990 gody, 2003:</subfield>
    <subfield code="b">t.p. (N.A. Serogodskiĭ) colophon (Serogodskiĭ Nikolaĭ Aleksandrovich)</subfield>
  </datafield>
  <datafield tag="953" ind1=" " ind2=" ">
    <subfield code="a">sd43</subfield>
  </datafield>
</record>