
<record>
  <leader>01135cz  a2200253n  4500</leader>
  <controlfield tag="001">6418783</controlfield>
  <controlfield tag="003">DLC</controlfield>
  <controlfield tag="005">20200104073524.0</controlfield>
  <controlfield tag="008">041211n| azannaabn          |b aaa      </controlfield>
  <datafield tag="010" ind1=" " ind2=" ">
    <subfield code="a">n 2004152338</subfield>
  </datafield>
  <datafield tag="035" ind1=" " ind2=" ">
    <subfield code="a">(OCoLC)oca06516628</subfield>
  </datafield>
  <datafield tag="040" ind1=" " ind2=" ">
    <subfield code="a">DLC</subfield>
    <subfield code="b">eng</subfield>
    <subfield code="e">rda</subfield>
    <subfield code="c">DLC</subfield>
    <subfield code="d">CU-S</subfield>
    <subfield code="d">OCoLC</subfield>
    <subfield code="d">UPB</subfield>
    <subfield code="d">MH</subfield>
  </datafield>
  <datafield tag="100" ind1="1" ind2=" ">
    <subfield code="a">Tang, Zhengping</subfield>
  </datafield>
  <datafield tag="373" ind1=" " ind2=" ">
    <subfield code="a">China.  Nong ye bu. Guo ji he zuo si</subfield>
    <subfield code="2">naf</subfield>
  </datafield>
  <datafield tag="377" ind1=" " ind2=" ">
    <subfield code="a">chi</subfield>
  </datafield>
  <datafield tag="400" ind1="1" ind2=" ">
    <subfield code="a">唐正平</subfield>
  </datafield>
  <datafield tag="667" ind1=" " ind2=" ">
    <subfield code="a">Machine-derived non-Latin script reference project.</subfield>
  </datafield>
  <datafield tag="667" ind1=" " ind2=" ">
    <subfield code="a">Non-Latin script reference not evaluated.</subfield>
  </datafield>
  <datafield tag="667" ind1=" " ind2=" ">
    <subfield code="a">Non-Latin script references reviewed in NACO CJK Funnel References Project.</subfield>
  </datafield>
  <datafield tag="670" ind1=" " ind2=" ">
    <subfield code="a">Ru shi yu nong chan pin shi chang kai fang, 2000:</subfield>
    <subfield code="b">t.p. (Tang Zhengping)</subfield>
  </datafield>
  <datafield tag="670" ind1=" " ind2=" ">
    <subfield code="a">Zhongguo nong cun ren kou bian dong dui tu di zhi du gai ge de ying xiang, 2002</subfield>
    <subfield code="b">p. [i] author list (Head and prof., Nong ye bu Guo ji he zuo si, China)</subfield>
  </datafield>
  <datafield tag="670" ind1=" " ind2=" ">
    <subfield code="a">Ru shi yu nong chan pin shi chang kai fang, 2002:</subfield>
    <subfield code="b">title page (唐正平 = Tang Zhengping)</subfield>
  </datafield>
  <datafield tag="670" ind1=" " ind2=" ">
    <subfield code="a">OCLC #46598434, November 20, 2019</subfield>
    <subfield code="b">(access point: 唐正平 = Tang, Zhengping; usage: 唐正平 = Tang Zhengping)</subfield>
  </datafield>
  <datafield tag="953" ind1=" " ind2=" ">
    <subfield code="a">yb01</subfield>
  </datafield>
</record>