
<record>
  <leader>00741cz  a2200193n  4500</leader>
  <controlfield tag="001">6462200</controlfield>
  <controlfield tag="003">DLC</controlfield>
  <controlfield tag="005">20200104073524.0</controlfield>
  <controlfield tag="008">050210n| azannaabn           n aaa     c</controlfield>
  <datafield tag="010" ind1=" " ind2=" ">
    <subfield code="a">no2005012949</subfield>
  </datafield>
  <datafield tag="016" ind1=" " ind2=" ">
    <subfield code="a">0072F5565E</subfield>
  </datafield>
  <datafield tag="035" ind1=" " ind2=" ">
    <subfield code="a">(OCoLC)oca06556767</subfield>
  </datafield>
  <datafield tag="040" ind1=" " ind2=" ">
    <subfield code="a">RPB</subfield>
    <subfield code="b">eng</subfield>
    <subfield code="e">rda</subfield>
    <subfield code="c">RPB</subfield>
    <subfield code="d">CaBViV</subfield>
    <subfield code="d">CaOONL</subfield>
  </datafield>
  <datafield tag="100" ind1="1" ind2=" ">
    <subfield code="a">McLeod, Murdoch</subfield>
  </datafield>
  <datafield tag="370" ind1=" " ind2=" ">
    <subfield code="e">Vancouver (B.C.)</subfield>
    <subfield code="2">naf</subfield>
  </datafield>
  <datafield tag="670" ind1=" " ind2=" ">
    <subfield code="a">A letter from Mica &amp; Big Bend, 196-?:</subfield>
    <subfield code="b">t.p. (Murdoch McLeod)</subfield>
  </datafield>
  <datafield tag="670" ind1=" " ind2=" ">
    <subfield code="a">Tales of the B.C. trails, 1959:</subfield>
    <subfield code="b">Cover (by Murdoch McLeod) Preface (Murdoch McLeod, Vancouver, B.C.)</subfield>
  </datafield>
  <datafield tag="670" ind1=" " ind2=" ">
    <subfield code="a">Canadiana database, viewed 10 December 2019</subfield>
    <subfield code="b">(Authorized access point: McLeod, Murdoch; His The last great West is North)</subfield>
  </datafield>
  <datafield tag="700" ind1="1" ind2="6">
    <subfield code="a">McLeod, Murdoch</subfield>
    <subfield code="0">(CaOONL)ncf10362869</subfield>
  </datafield>
</record>