
<record>
  <leader>00875cz  a2200205n  4500</leader>
  <controlfield tag="001">6472031</controlfield>
  <controlfield tag="003">DLC</controlfield>
  <controlfield tag="005">20200104073525.0</controlfield>
  <controlfield tag="008">050222n| azannaabn          |n aaa     c</controlfield>
  <datafield tag="010" ind1=" " ind2=" ">
    <subfield code="a">nr2005005126</subfield>
  </datafield>
  <datafield tag="035" ind1=" " ind2=" ">
    <subfield code="a">(OCoLC)oca06570991</subfield>
  </datafield>
  <datafield tag="040" ind1=" " ind2=" ">
    <subfield code="a">CSt-Mus</subfield>
    <subfield code="b">eng</subfield>
    <subfield code="e">rda</subfield>
    <subfield code="c">CSt-Mus</subfield>
    <subfield code="d">PPi-MA</subfield>
  </datafield>
  <datafield tag="046" ind1=" " ind2=" ">
    <subfield code="f">1969</subfield>
    <subfield code="2">edtf</subfield>
  </datafield>
  <datafield tag="100" ind1="1" ind2=" ">
    <subfield code="a">Hayward, Robin,</subfield>
    <subfield code="d">1969-</subfield>
  </datafield>
  <datafield tag="370" ind1=" " ind2=" ">
    <subfield code="a">Brighton (England)</subfield>
    <subfield code="e">Berlin (Germany)</subfield>
    <subfield code="2">naf</subfield>
  </datafield>
  <datafield tag="374" ind1=" " ind2=" ">
    <subfield code="a">Tubists</subfield>
    <subfield code="a">Composers</subfield>
    <subfield code="2">lcsh</subfield>
  </datafield>
  <datafield tag="375" ind1=" " ind2=" ">
    <subfield code="a">Males</subfield>
    <subfield code="2">lcdgt</subfield>
  </datafield>
  <datafield tag="670" ind1=" " ind2=" ">
    <subfield code="a">Musicworks. 89 [SR] 2004:</subfield>
    <subfield code="b">label (Robin Hayward) insert (composer and performer on the tuba)</subfield>
  </datafield>
  <datafield tag="670" ind1=" " ind2=" ">
    <subfield code="a">Polansky, L. The theory of impossible melody [SR] p2009:</subfield>
    <subfield code="b">container (Robin Hayward, tubas) insert (b. 1969, Brighton, England; tuba player)</subfield>
  </datafield>
  <datafield tag="670" ind1=" " ind2=" ">
    <subfield code="a">Robin Hayward WWW site, January 3, 2020</subfield>
    <subfield code="b">(Robin Hayward; born 1969, Brighton, England; tuba player and composer; based in Berlin since 1998)</subfield>
  </datafield>
</record>