
<record>
  <leader>00491cz  a2200169n  4500</leader>
  <controlfield tag="001">6472934</controlfield>
  <controlfield tag="003">DLC</controlfield>
  <controlfield tag="005">20200104073524.0</controlfield>
  <controlfield tag="008">050224n| azannaabn          |a aaa      </controlfield>
  <datafield tag="010" ind1=" " ind2=" ">
    <subfield code="a">n 2005013482</subfield>
  </datafield>
  <datafield tag="035" ind1=" " ind2=" ">
    <subfield code="a">(OCoLC)oca06570450</subfield>
  </datafield>
  <datafield tag="040" ind1=" " ind2=" ">
    <subfield code="a">DLC</subfield>
    <subfield code="b">eng</subfield>
    <subfield code="e">rda</subfield>
    <subfield code="c">DLC</subfield>
    <subfield code="d">OU</subfield>
  </datafield>
  <datafield tag="100" ind1="1" ind2=" ">
    <subfield code="a">Kessel, Martin,</subfield>
    <subfield code="d">1901-1990.</subfield>
    <subfield code="t">Herrn Brechers Fiasko.</subfield>
    <subfield code="l">English</subfield>
  </datafield>
  <datafield tag="377" ind1=" " ind2=" ">
    <subfield code="a">eng</subfield>
  </datafield>
  <datafield tag="400" ind1="1" ind2=" ">
    <subfield code="a">Kessel, Martin,</subfield>
    <subfield code="d">1901-1990.</subfield>
    <subfield code="t">Mr. Brecher&apos;s fiasco</subfield>
  </datafield>
  <datafield tag="670" ind1=" " ind2=" ">
    <subfield code="a">Kessel, Martin. Mr. Brecher&apos;s fiasco, c2005</subfield>
  </datafield>
  <datafield tag="953" ind1=" " ind2=" ">
    <subfield code="a">ld12</subfield>
  </datafield>
</record>