
<record>
  <leader>00937cz  a2200217n  4500</leader>
  <controlfield tag="001">6478272</controlfield>
  <controlfield tag="003">DLC</controlfield>
  <controlfield tag="005">20200104073525.0</controlfield>
  <controlfield tag="008">050302n| azannaabn          |b aaa     c</controlfield>
  <datafield tag="010" ind1=" " ind2=" ">
    <subfield code="a">nr2005005870</subfield>
  </datafield>
  <datafield tag="035" ind1=" " ind2=" ">
    <subfield code="a">(OCoLC)oca06577027</subfield>
  </datafield>
  <datafield tag="040" ind1=" " ind2=" ">
    <subfield code="a">CSt</subfield>
    <subfield code="b">eng</subfield>
    <subfield code="e">rda</subfield>
    <subfield code="c">CSt</subfield>
    <subfield code="d">InU</subfield>
  </datafield>
  <datafield tag="046" ind1=" " ind2=" ">
    <subfield code="f">1965-02-01</subfield>
    <subfield code="2">edtf</subfield>
  </datafield>
  <datafield tag="100" ind1="1" ind2=" ">
    <subfield code="a">Pishchik, V. I.</subfield>
    <subfield code="q">(Vlada Igorevna)</subfield>
  </datafield>
  <datafield tag="373" ind1=" " ind2=" ">
    <subfield code="a">Donskoĭ gosudarstvennyĭ tekhnicheskiĭ universitet (Rostov-na-Donu, Russia)</subfield>
    <subfield code="2">naf</subfield>
  </datafield>
  <datafield tag="374" ind1=" " ind2=" ">
    <subfield code="a">Psychologists</subfield>
    <subfield code="2">lcsh</subfield>
  </datafield>
  <datafield tag="400" ind1="1" ind2=" ">
    <subfield code="a">Пищик, В. И.</subfield>
    <subfield code="q">(Влада Игоревна)</subfield>
  </datafield>
  <datafield tag="400" ind1="1" ind2=" ">
    <subfield code="a">Pishchik, Vlada Igorevna</subfield>
  </datafield>
  <datafield tag="667" ind1=" " ind2=" ">
    <subfield code="a">Non-Latin script reference not evaluated.</subfield>
  </datafield>
  <datafield tag="670" ind1=" " ind2=" ">
    <subfield code="a">Osnovy ėtnopsikhologii, 2003:</subfield>
    <subfield code="b">t.p. (V.I. Pishchik) colophon (Pishchik Vlada Igorevna)</subfield>
  </datafield>
  <datafield tag="670" ind1=" " ind2=" ">
    <subfield code="a">Rossiĭskoe psikhologicheskoe obshchestvo website, Jan. 3, 2020</subfield>
    <subfield code="b">(Pishchik Vlada Igorevna; b. Feb. 1, 1965; Doktor psikhologicheskikh nauk; Dot︠s︡ent at Don State Tech. Univ.)</subfield>
  </datafield>
</record>