
<record>
  <leader>00343cz  a2200133n  4500</leader>
  <controlfield tag="001">6492109</controlfield>
  <controlfield tag="003">DLC</controlfield>
  <controlfield tag="005">20200104073525.0</controlfield>
  <controlfield tag="008">050317n| azannaabn          |n aaa      </controlfield>
  <datafield tag="010" ind1=" " ind2=" ">
    <subfield code="a">no2005025917</subfield>
  </datafield>
  <datafield tag="035" ind1=" " ind2=" ">
    <subfield code="a">(OCoLC)oca06586101</subfield>
  </datafield>
  <datafield tag="040" ind1=" " ind2=" ">
    <subfield code="a">DNAL</subfield>
    <subfield code="b">eng</subfield>
    <subfield code="e">rda</subfield>
    <subfield code="c">DNAL</subfield>
    <subfield code="d">DNLM</subfield>
  </datafield>
  <datafield tag="100" ind1="1" ind2=" ">
    <subfield code="a">Hawkes, Corinna</subfield>
  </datafield>
  <datafield tag="670" ind1=" " ind2=" ">
    <subfield code="a">USDA programs, 2004:</subfield>
    <subfield code="b">t.p. (Corinna Hawkes)</subfield>
  </datafield>
</record>