
<record>
  <leader>01114cz  a2200241n  4500</leader>
  <controlfield tag="001">6565461</controlfield>
  <controlfield tag="003">DLC</controlfield>
  <controlfield tag="005">20200104073526.0</controlfield>
  <controlfield tag="008">050530n| azannaabn          |b aaa     c</controlfield>
  <datafield tag="010" ind1=" " ind2=" ">
    <subfield code="a">no2005055951</subfield>
  </datafield>
  <datafield tag="035" ind1=" " ind2=" ">
    <subfield code="a">(OCoLC)oca06658850</subfield>
  </datafield>
  <datafield tag="040" ind1=" " ind2=" ">
    <subfield code="a">HkUST</subfield>
    <subfield code="b">eng</subfield>
    <subfield code="e">rda</subfield>
    <subfield code="c">HkUST</subfield>
    <subfield code="d">OCoLC</subfield>
    <subfield code="d">HkUST</subfield>
    <subfield code="d">InU</subfield>
    <subfield code="d">MH</subfield>
  </datafield>
  <datafield tag="046" ind1=" " ind2=" ">
    <subfield code="f">1958</subfield>
  </datafield>
  <datafield tag="100" ind1="1" ind2=" ">
    <subfield code="a">Tang, Nuo,</subfield>
    <subfield code="d">1958-</subfield>
  </datafield>
  <datafield tag="400" ind1="1" ind2=" ">
    <subfield code="a">唐諾,</subfield>
    <subfield code="d">1958-</subfield>
  </datafield>
  <datafield tag="400" ind1="1" ind2=" ">
    <subfield code="a">Xie, Caijun,</subfield>
    <subfield code="d">1958-</subfield>
  </datafield>
  <datafield tag="400" ind1="1" ind2=" ">
    <subfield code="a">謝材俊,</subfield>
    <subfield code="d">1958-</subfield>
  </datafield>
  <datafield tag="667" ind1=" " ind2=" ">
    <subfield code="a">Machine-derived non-Latin script reference project.</subfield>
  </datafield>
  <datafield tag="667" ind1=" " ind2=" ">
    <subfield code="a">Non-Latin script references not evaluated.</subfield>
  </datafield>
  <datafield tag="667" ind1=" " ind2=" ">
    <subfield code="a">Non-Latin script references reviewed in NACO CJK Funnel References Project.</subfield>
  </datafield>
  <datafield tag="670" ind1=" " ind2=" ">
    <subfield code="a">Yue du de gu shi, 2005:</subfield>
    <subfield code="b">t.p. (唐諾 = Tang Nuo) front flap (native of Taiwan Yilan; b. 1958; grad., Tai da li shi xi; authored Wen zi de gu shi; translator)</subfield>
  </datafield>
  <datafield tag="670" ind1=" " ind2=" ">
    <subfield code="a">Web page of Bo ke lai wang lu shu dian, May 30, 2005</subfield>
    <subfield code="b">(唐諾 = Tang Nuo; orig. name: 謝材俊 = Xie Caijun; b. 1958; authored Wen zi de gu shi, etc.)</subfield>
  </datafield>
  <datafield tag="670" ind1=" " ind2=" ">
    <subfield code="a">OCLC #60517408, November 18, 2019</subfield>
    <subfield code="b">(access point: 唐諾, 1958- = Tang, Nuo, 1958-; usage: 唐諾 = Tang Nuo)</subfield>
  </datafield>
</record>