
<record>
  <leader>00997cz  a2200241n  4500</leader>
  <controlfield tag="001">6571670</controlfield>
  <controlfield tag="003">DLC</controlfield>
  <controlfield tag="005">20200104073505.0</controlfield>
  <controlfield tag="008">050608n| azannaabn          |b aaa     c</controlfield>
  <datafield tag="010" ind1=" " ind2=" ">
    <subfield code="a">no2005058400</subfield>
  </datafield>
  <datafield tag="035" ind1=" " ind2=" ">
    <subfield code="a">(OCoLC)oca06665224</subfield>
  </datafield>
  <datafield tag="040" ind1=" " ind2=" ">
    <subfield code="a">HkUST</subfield>
    <subfield code="b">eng</subfield>
    <subfield code="e">rda</subfield>
    <subfield code="c">HkUST</subfield>
    <subfield code="d">OCoLC</subfield>
    <subfield code="d">InU</subfield>
    <subfield code="d">MH</subfield>
  </datafield>
  <datafield tag="046" ind1=" " ind2=" ">
    <subfield code="f">1899</subfield>
    <subfield code="g">1958</subfield>
  </datafield>
  <datafield tag="100" ind1="1" ind2=" ">
    <subfield code="a">Tan, Pimo,</subfield>
    <subfield code="d">1899-1958</subfield>
  </datafield>
  <datafield tag="400" ind1="1" ind2=" ">
    <subfield code="a">Tan, Pimeng,</subfield>
    <subfield code="d">1899-1958</subfield>
  </datafield>
  <datafield tag="400" ind1="1" ind2=" ">
    <subfield code="a">譚丕模,</subfield>
    <subfield code="d">1899-1958</subfield>
  </datafield>
  <datafield tag="400" ind1="1" ind2=" ">
    <subfield code="a">谭丕模,</subfield>
    <subfield code="d">1899-1958</subfield>
  </datafield>
  <datafield tag="667" ind1=" " ind2=" ">
    <subfield code="a">Machine-derived non-Latin script reference project.</subfield>
  </datafield>
  <datafield tag="667" ind1=" " ind2=" ">
    <subfield code="a">Non-Latin script references not evaluated.</subfield>
  </datafield>
  <datafield tag="667" ind1=" " ind2=" ">
    <subfield code="a">Non-Latin script references reviewed in NACO CJK Funnel References Project.</subfield>
  </datafield>
  <datafield tag="670" ind1=" " ind2=" ">
    <subfield code="a">Zhongguo wen xue shi gang, 1952:</subfield>
    <subfield code="b">t.p. (Tan Pimo)</subfield>
  </datafield>
  <datafield tag="670" ind1=" " ind2=" ">
    <subfield code="a">Web page of Hunan hai lian, June 8, 2005</subfield>
    <subfield code="b">(Tan Pimo; 1899-1958; hao: Pimeng; authored Zhongguo wen xue shi gang)</subfield>
  </datafield>
  <datafield tag="670" ind1=" " ind2=" ">
    <subfield code="a">OCLC #20174792, November 5, 2019</subfield>
    <subfield code="b">(access point: 譚丕模, 1899-1958 = Tan, Pimo, 1899-1958; usage: 譚丕模 = Tan Pimo)</subfield>
  </datafield>
</record>