
<record>
  <leader>01340cz  a2200289n  4500</leader>
  <controlfield tag="001">6575394</controlfield>
  <controlfield tag="003">DLC</controlfield>
  <controlfield tag="005">20200104073505.0</controlfield>
  <controlfield tag="008">050630n| azannaabn          |b aaa      </controlfield>
  <datafield tag="010" ind1=" " ind2=" ">
    <subfield code="a">n 2005048097</subfield>
  </datafield>
  <datafield tag="024" ind1="7" ind2=" ">
    <subfield code="a">38784537</subfield>
    <subfield code="2">viaf</subfield>
  </datafield>
  <datafield tag="035" ind1=" " ind2=" ">
    <subfield code="a">(OCoLC)oca06670759</subfield>
  </datafield>
  <datafield tag="040" ind1=" " ind2=" ">
    <subfield code="a">DLC</subfield>
    <subfield code="b">eng</subfield>
    <subfield code="e">rda</subfield>
    <subfield code="c">DLC</subfield>
    <subfield code="d">OCoLC</subfield>
    <subfield code="d">CtY</subfield>
    <subfield code="d">CU-I</subfield>
  </datafield>
  <datafield tag="046" ind1=" " ind2=" ">
    <subfield code="f">1978</subfield>
  </datafield>
  <datafield tag="100" ind1="1" ind2=" ">
    <subfield code="a">Sun, Yabing</subfield>
  </datafield>
  <datafield tag="370" ind1=" " ind2=" ">
    <subfield code="a">Dengfeng Shi (China)</subfield>
  </datafield>
  <datafield tag="372" ind1=" " ind2=" ">
    <subfield code="a">Oracle bones</subfield>
    <subfield code="a">China--History--Shang dynasty, 1766-1122 B.C.</subfield>
    <subfield code="2">lcsh</subfield>
  </datafield>
  <datafield tag="373" ind1=" " ind2=" ">
    <subfield code="a">Henan da xue. Li shi wen hua xue yuan</subfield>
    <subfield code="2">naf</subfield>
  </datafield>
  <datafield tag="373" ind1=" " ind2=" ">
    <subfield code="a">Zhongguo she hui ke xue yuan. Yan jiu sheng yuan</subfield>
    <subfield code="2">naf</subfield>
  </datafield>
  <datafield tag="375" ind1=" " ind2=" ">
    <subfield code="a">female</subfield>
  </datafield>
  <datafield tag="377" ind1=" " ind2=" ">
    <subfield code="a">chi</subfield>
  </datafield>
  <datafield tag="400" ind1="1" ind2=" ">
    <subfield code="a">孫亚冰</subfield>
  </datafield>
  <datafield tag="667" ind1=" " ind2=" ">
    <subfield code="a">Machine-derived non-Latin script reference project.</subfield>
  </datafield>
  <datafield tag="667" ind1=" " ind2=" ">
    <subfield code="a">Non-Latin script reference not evaluated.</subfield>
  </datafield>
  <datafield tag="670" ind1=" " ind2=" ">
    <subfield code="a">2004 nian Anyang Yin Shang wen ming guo ji xue shu tao lun hui (2004 : China). 2004 nian Anyang Yin Shang wen ming guo ji xue shu yan tao hui lun wen ji, 2004:</subfield>
    <subfield code="b">t.p. (Sun Yabing)</subfield>
  </datafield>
  <datafield tag="670" ind1=" " ind2=" ">
    <subfield code="a">Yinxu Huayuanzhuang dong di jia gu wen li yan jiu, 2014:</subfield>
    <subfield code="b">t.p. (孫亚冰 = Sun Yabing) biog. p. (b. 1978 in Dengfeng Shi, Henan Sheng; female; grad. Henan da xue li shi wen hua xue yuan in 1998; PhD from Zhongguo she hui ke xue yuan yan jiu sheng yuan in 2011; research area: oracle bones and history of Yin Shang dynasty)</subfield>
  </datafield>
  <datafield tag="953" ind1=" " ind2=" ">
    <subfield code="a">yb22</subfield>
  </datafield>
</record>