
<record>
  <leader>00598cz  a2200217n  4500</leader>
  <controlfield tag="001">6648939</controlfield>
  <controlfield tag="003">DLC</controlfield>
  <controlfield tag="005">20200104060011.0</controlfield>
  <controlfield tag="008">050926i| anannbabn          |n ana      </controlfield>
  <datafield tag="010" ind1=" " ind2=" ">
    <subfield code="a">sh2005006502</subfield>
  </datafield>
  <datafield tag="035" ind1=" " ind2=" ">
    <subfield code="a">(DLC)6648939</subfield>
  </datafield>
  <datafield tag="035" ind1=" " ind2=" ">
    <subfield code="a">(DLC)sh2005006502</subfield>
  </datafield>
  <datafield tag="035" ind1=" " ind2=" ">
    <subfield code="a">(DLC)335485</subfield>
  </datafield>
  <datafield tag="040" ind1=" " ind2=" ">
    <subfield code="a">DLC</subfield>
    <subfield code="b">eng</subfield>
    <subfield code="c">DLC</subfield>
  </datafield>
  <datafield tag="053" ind1=" " ind2="0">
    <subfield code="a">RG421</subfield>
    <subfield code="b">RG433</subfield>
  </datafield>
  <datafield tag="150" ind1=" " ind2=" ">
    <subfield code="a">Fallopian tubes</subfield>
    <subfield code="x">Diseases</subfield>
  </datafield>
  <datafield tag="670" ind1=" " ind2=" ">
    <subfield code="a">MeSH browser, Sept. 26, 2005</subfield>
    <subfield code="b">(Fallopian Tube Diseases)</subfield>
  </datafield>
  <datafield tag="906" ind1=" " ind2=" ">
    <subfield code="t">0544</subfield>
    <subfield code="u">te04</subfield>
    <subfield code="v">0</subfield>
  </datafield>
  <datafield tag="910" ind1=" " ind2=" ">
    <subfield code="a">Record saved by te03 on 01/03/2020 at 13:47:55</subfield>
  </datafield>
  <datafield tag="952" ind1=" " ind2=" ">
    <subfield code="a">0 bib. record(s) to be changed</subfield>
  </datafield>
  <datafield tag="953" ind1=" " ind2=" ">
    <subfield code="a">ta25</subfield>
  </datafield>
</record>