
<record>
  <leader>01396cz  a2200253n  4500</leader>
  <controlfield tag="001">6649329</controlfield>
  <controlfield tag="003">DLC</controlfield>
  <controlfield tag="005">20200104073506.0</controlfield>
  <controlfield tag="008">050926n| azannaabn          |b aaa      </controlfield>
  <datafield tag="010" ind1=" " ind2=" ">
    <subfield code="a">n 2005072296</subfield>
    <subfield code="z">no2009196120</subfield>
  </datafield>
  <datafield tag="035" ind1=" " ind2=" ">
    <subfield code="a">(OCoLC)oca06743249</subfield>
  </datafield>
  <datafield tag="040" ind1=" " ind2=" ">
    <subfield code="a">DLC</subfield>
    <subfield code="b">eng</subfield>
    <subfield code="e">rda</subfield>
    <subfield code="c">DLC</subfield>
    <subfield code="d">OCoLC</subfield>
    <subfield code="d">DLC</subfield>
    <subfield code="d">CaLaUCEA</subfield>
  </datafield>
  <datafield tag="100" ind1="1" ind2=" ">
    <subfield code="a">Chŏng, Hyŏng-gon</subfield>
  </datafield>
  <datafield tag="400" ind1="1" ind2=" ">
    <subfield code="a">Jeong, Hyung-Gon</subfield>
  </datafield>
  <datafield tag="400" ind1="1" ind2=" ">
    <subfield code="a">정 형곤</subfield>
  </datafield>
  <datafield tag="400" ind1="1" ind2=" ">
    <subfield code="a">정형곤</subfield>
  </datafield>
  <datafield tag="400" ind1="1" ind2=" ">
    <subfield code="a">Jung, Hyung gon</subfield>
  </datafield>
  <datafield tag="667" ind1=" " ind2=" ">
    <subfield code="a">Machine-derived non-Latin script reference project.</subfield>
  </datafield>
  <datafield tag="667" ind1=" " ind2=" ">
    <subfield code="a">Non-Latin script references not evaluated.</subfield>
  </datafield>
  <datafield tag="667" ind1=" " ind2=" ">
    <subfield code="a">Non-Latin script references reviewed in NACO CJK Funnel References Project.</subfield>
  </datafield>
  <datafield tag="670" ind1=" " ind2=" ">
    <subfield code="a">Taebuk t&apos;uja, ŏdi e ŏttŏk&apos;e, 2003:</subfield>
    <subfield code="b">t.p. (정 형곤 = Chŏng Hyŏng-gon) p. 308 (grad., Togil Bon Taehakkyo; kyŏngjehak paksa, Togil K&apos;oellŭn Taehakkyo; researcher, Yŏnse Taehakkyo T&apos;ongil Yŏn&apos;g̣uwŏn; yŏn&apos;gu wiwŏn, T&apos;ongil Chŏngch&apos;aek Yŏn&apos;guso)</subfield>
  </datafield>
  <datafield tag="670" ind1=" " ind2=" ">
    <subfield code="a">Oeja yuch&apos;i ch&apos;okchin ŭl wihan kyŏngje chayu kuyŏk chedo kaesŏn kwaje:</subfield>
    <subfield code="b">t.p. (정 형곤 = Chŏng Hyŏng-gon) p. 4 of cover (Hyung gon Jung [in rom.])</subfield>
  </datafield>
  <datafield tag="670" ind1=" " ind2=" ">
    <subfield code="a">What can North Korea learn from transition economies&apos; reform process?, 2009:</subfield>
    <subfield code="b">t.p. (Hyung-Gon Jeong) p. 5 (정 형곤 [in Kor.]; kyŏngjehak paksa, Togil K&apos;oellŭn Taehakkyo; researcher, Taeoe Kyŏngje Chŏngch&apos;aek Yŏn&apos;guwŏn)</subfield>
  </datafield>
  <datafield tag="953" ind1=" " ind2=" ">
    <subfield code="a">yc25</subfield>
    <subfield code="b">cf18</subfield>
  </datafield>
</record>