
<record>
  <leader>00697cz  a2200181n  4500</leader>
  <controlfield tag="001">6759127</controlfield>
  <controlfield tag="003">DLC</controlfield>
  <controlfield tag="005">20200104073302.0</controlfield>
  <controlfield tag="008">060209n| azannaabn           n aaa      </controlfield>
  <datafield tag="010" ind1=" " ind2=" ">
    <subfield code="a">n 2006009800</subfield>
  </datafield>
  <datafield tag="035" ind1=" " ind2=" ">
    <subfield code="a">(OCoLC)oca06851294</subfield>
  </datafield>
  <datafield tag="040" ind1=" " ind2=" ">
    <subfield code="a">DLC</subfield>
    <subfield code="b">eng</subfield>
    <subfield code="e">rda</subfield>
    <subfield code="c">DLC</subfield>
    <subfield code="d">CSt</subfield>
    <subfield code="d">RPCL</subfield>
  </datafield>
  <datafield tag="046" ind1=" " ind2=" ">
    <subfield code="f">1979-07-17</subfield>
    <subfield code="2">edtf</subfield>
  </datafield>
  <datafield tag="100" ind1="1" ind2=" ">
    <subfield code="a">Vogel, Mike</subfield>
  </datafield>
  <datafield tag="370" ind1=" " ind2=" ">
    <subfield code="a">Abington (Pa.)</subfield>
    <subfield code="2">naf</subfield>
  </datafield>
  <datafield tag="670" ind1=" " ind2=" ">
    <subfield code="a">Supercross, 2005:</subfield>
    <subfield code="b">credits (cast, Mike Vogel)</subfield>
  </datafield>
  <datafield tag="670" ind1=" " ind2=" ">
    <subfield code="a">Internet movie database, October 23, 2019</subfield>
    <subfield code="b">(Mike Vogel was born on July 17, 1979 in Abington, Pennsylvania, USA as Michael James Vogel. He is an actor and producer, known for The Help (2011), Cloverfield (2008) and She&apos;s Out of My League (2010).)</subfield>
  </datafield>
  <datafield tag="953" ind1=" " ind2=" ">
    <subfield code="a">qu62</subfield>
  </datafield>
</record>