
<record>
  <leader>01274cz  a2200253n  4500</leader>
  <controlfield tag="001">6763368</controlfield>
  <controlfield tag="003">DLC</controlfield>
  <controlfield tag="005">20200104073302.0</controlfield>
  <controlfield tag="008">060214n| azannaabn          |b aaa      </controlfield>
  <datafield tag="010" ind1=" " ind2=" ">
    <subfield code="a">n 2006010876</subfield>
  </datafield>
  <datafield tag="035" ind1=" " ind2=" ">
    <subfield code="a">(OCoLC)oca06855364</subfield>
  </datafield>
  <datafield tag="040" ind1=" " ind2=" ">
    <subfield code="a">DLC</subfield>
    <subfield code="b">eng</subfield>
    <subfield code="e">rda</subfield>
    <subfield code="c">DLC</subfield>
    <subfield code="d">InU</subfield>
  </datafield>
  <datafield tag="046" ind1=" " ind2=" ">
    <subfield code="f">1965-08-15</subfield>
    <subfield code="2">edtf</subfield>
  </datafield>
  <datafield tag="100" ind1="1" ind2=" ">
    <subfield code="a">Makhinina, N. G.</subfield>
    <subfield code="q">(Natalʹi︠a︡ Georgievna)</subfield>
  </datafield>
  <datafield tag="373" ind1=" " ind2=" ">
    <subfield code="a">Kazanskiĭ (Privolzhskiĭ) federalʹnyĭ universitet. Institut filologii i mezhkulʹturnoĭ kommunikat︠s︡ii im. L. Tolstogo</subfield>
    <subfield code="2">naf</subfield>
  </datafield>
  <datafield tag="374" ind1=" " ind2=" ">
    <subfield code="a">Philologists</subfield>
    <subfield code="a">Literary historians</subfield>
    <subfield code="a">College teachers</subfield>
    <subfield code="2">lcsh</subfield>
  </datafield>
  <datafield tag="375" ind1=" " ind2=" ">
    <subfield code="a">Females</subfield>
    <subfield code="2">lcdgt</subfield>
  </datafield>
  <datafield tag="377" ind1=" " ind2=" ">
    <subfield code="a">rus</subfield>
  </datafield>
  <datafield tag="400" ind1="1" ind2=" ">
    <subfield code="a">Махинина, Н. Г.</subfield>
    <subfield code="q">(Наталья Георгиевна)</subfield>
  </datafield>
  <datafield tag="400" ind1="1" ind2=" ">
    <subfield code="a">Makhinina, Natalʹi︠a︡ Georgievna</subfield>
  </datafield>
  <datafield tag="667" ind1=" " ind2=" ">
    <subfield code="a">Non-Latin script reference not evaluated.</subfield>
  </datafield>
  <datafield tag="670" ind1=" " ind2=" ">
    <subfield code="a">Formy komicheskogo v russkoĭ literature XX veka, 2004:</subfield>
    <subfield code="b">t.p. verso (N.G. Makhinina) colophon (Makhinina Natalʹi︠a︡ Georgievna)</subfield>
  </datafield>
  <datafield tag="670" ind1=" " ind2=" ">
    <subfield code="a">Kazanskiĭ federalʹnyĭ universitet website, January 3, 2020</subfield>
    <subfield code="b">(Makhinina Natalʹi︠a︡ Georgievna; born August 15, 1965; kandidat filologicheskikh nauk; dot︠s︡ent, Institut filologii i mezhkulʹturnoĭ kommunikat︠s︡ii, KFU)</subfield>
    <subfield code="u">https://kpfu.ru/Natalia.Mahinina</subfield>
  </datafield>
  <datafield tag="953" ind1=" " ind2=" ">
    <subfield code="a">le14</subfield>
  </datafield>
</record>