
<record>
  <leader>01101cz  a2200229n  4500</leader>
  <controlfield tag="001">6795560</controlfield>
  <controlfield tag="003">DLC</controlfield>
  <controlfield tag="005">20200104073302.0</controlfield>
  <controlfield tag="008">060320n| azannaabn          |b aaa     c</controlfield>
  <datafield tag="010" ind1=" " ind2=" ">
    <subfield code="a">nr2006007396</subfield>
  </datafield>
  <datafield tag="035" ind1=" " ind2=" ">
    <subfield code="a">(OCoLC)oca06888835</subfield>
  </datafield>
  <datafield tag="040" ind1=" " ind2=" ">
    <subfield code="a">DLC-R</subfield>
    <subfield code="b">eng</subfield>
    <subfield code="e">rda</subfield>
    <subfield code="c">DLC-R</subfield>
    <subfield code="d">OCoLC</subfield>
    <subfield code="d">DLC</subfield>
    <subfield code="d">CaLaUCEA</subfield>
  </datafield>
  <datafield tag="100" ind1="1" ind2=" ">
    <subfield code="a">Chŏng, Chŏng-nam</subfield>
  </datafield>
  <datafield tag="370" ind1=" " ind2=" ">
    <subfield code="c">Korea (South)</subfield>
    <subfield code="2">naf</subfield>
  </datafield>
  <datafield tag="372" ind1=" " ind2=" ">
    <subfield code="a">Architecture</subfield>
    <subfield code="2">lcsh</subfield>
  </datafield>
  <datafield tag="373" ind1=" " ind2=" ">
    <subfield code="a">Kyŏnggi Taehakkyo</subfield>
    <subfield code="2">naf</subfield>
  </datafield>
  <datafield tag="400" ind1="1" ind2=" ">
    <subfield code="a">정 정남</subfield>
  </datafield>
  <datafield tag="667" ind1=" " ind2=" ">
    <subfield code="a">Machine-derived non-Latin script reference project.</subfield>
  </datafield>
  <datafield tag="667" ind1=" " ind2=" ">
    <subfield code="a">Non-Latin script references not evaluated.</subfield>
  </datafield>
  <datafield tag="667" ind1=" " ind2=" ">
    <subfield code="a">Non-Latin script references reviewed in NACO CJK Funnel References Project.</subfield>
  </datafield>
  <datafield tag="670" ind1=" " ind2=" ">
    <subfield code="a">Chosŏn ŭi pŏpkung Kyŏngbokkung, 2005:</subfield>
    <subfield code="b">colophon (Chŏng Chŏng-nam)</subfield>
  </datafield>
  <datafield tag="670" ind1=" " ind2=" ">
    <subfield code="a">Ilgi rŭl t&apos;onghae pon yangbandŭl ŭi ilsang segye, 2017:</subfield>
    <subfield code="b">t.p. (정 정남 = Chŏng Chŏng-nam) front flap (paksa, Kyŏnggi Taehakkyo Kŏnch&apos;uk Konghakkwa, kŏnch&apos;uksa &amp; kŏnch&apos;uk iron chŏn&apos;gong; yŏn&apos;gu kyosu, Kyŏnggi Taehakkyo Kŏnch&apos;uk Hakkwa; joint author of &quot;Chosŏn ŭi pŏpkung Kyŏngbokkung&quot;, etc.)</subfield>
  </datafield>
</record>