
<record>
  <leader>01320cz  a2200337n  4500</leader>
  <controlfield tag="001">6821701</controlfield>
  <controlfield tag="003">DLC</controlfield>
  <controlfield tag="005">20200104073302.0</controlfield>
  <controlfield tag="008">060414n| azaaaaaan          |a ana     c</controlfield>
  <datafield tag="010" ind1=" " ind2=" ">
    <subfield code="a">no2006037949</subfield>
  </datafield>
  <datafield tag="035" ind1=" " ind2=" ">
    <subfield code="a">(OCoLC)oca06911824</subfield>
  </datafield>
  <datafield tag="040" ind1=" " ind2=" ">
    <subfield code="a">MCM</subfield>
    <subfield code="b">eng</subfield>
    <subfield code="e">rda</subfield>
    <subfield code="c">MCM</subfield>
    <subfield code="d">IAhCCS</subfield>
    <subfield code="d">TnLvILS</subfield>
    <subfield code="d">IlMpPL</subfield>
    <subfield code="d">OU</subfield>
    <subfield code="d">ICrlF</subfield>
  </datafield>
  <datafield tag="130" ind1=" " ind2="0">
    <subfield code="a">Hard Case Crime book</subfield>
  </datafield>
  <datafield tag="370" ind1=" " ind2=" ">
    <subfield code="g">London (England)</subfield>
    <subfield code="g">New York (N.Y.)</subfield>
    <subfield code="2">naf</subfield>
  </datafield>
  <datafield tag="373" ind1=" " ind2=" ">
    <subfield code="a">Hard Case Crime (Firm)</subfield>
    <subfield code="a">Subterranean Press</subfield>
  </datafield>
  <datafield tag="373" ind1=" " ind2=" ">
    <subfield code="a">Dorchester Publishing Co.</subfield>
    <subfield code="a">Titan Books (Firm)</subfield>
    <subfield code="2">naf</subfield>
  </datafield>
  <datafield tag="380" ind1=" " ind2=" ">
    <subfield code="a">Series (Publications)</subfield>
    <subfield code="2">lcsh</subfield>
  </datafield>
  <datafield tag="430" ind1=" " ind2="0">
    <subfield code="a">Hard Case Crime novel (New York, N.Y.)</subfield>
  </datafield>
  <datafield tag="430" ind1=" " ind2="0">
    <subfield code="a">Hard Case Crime (New York, N.Y.)</subfield>
  </datafield>
  <datafield tag="430" ind1=" " ind2="0">
    <subfield code="a">Hard Case Crime books</subfield>
  </datafield>
  <datafield tag="642" ind1=" " ind2=" ">
    <subfield code="a">HCC-015</subfield>
    <subfield code="5">MCM</subfield>
  </datafield>
  <datafield tag="643" ind1=" " ind2=" ">
    <subfield code="a">London</subfield>
    <subfield code="b">Hard Case Crime</subfield>
  </datafield>
  <datafield tag="643" ind1=" " ind2=" ">
    <subfield code="a">New York, NY</subfield>
    <subfield code="b">Dorchester Publ.</subfield>
  </datafield>
  <datafield tag="643" ind1=" " ind2=" ">
    <subfield code="a">London</subfield>
    <subfield code="b">Titan Books</subfield>
  </datafield>
  <datafield tag="643" ind1=" " ind2=" ">
    <subfield code="a">Burton, MI</subfield>
    <subfield code="b">Subterranean Press</subfield>
  </datafield>
  <datafield tag="644" ind1=" " ind2=" ">
    <subfield code="a">f</subfield>
    <subfield code="5">MCM</subfield>
  </datafield>
  <datafield tag="645" ind1=" " ind2=" ">
    <subfield code="a">t</subfield>
    <subfield code="5">DPCC</subfield>
    <subfield code="5">MCM</subfield>
  </datafield>
  <datafield tag="646" ind1=" " ind2=" ">
    <subfield code="a">s</subfield>
    <subfield code="5">MCM</subfield>
  </datafield>
  <datafield tag="670" ind1=" " ind2=" ">
    <subfield code="a">Gutter and the grave, 2005:</subfield>
    <subfield code="b">ser. t.p. (Hard Case Crime book) t.p. (Hard Case Crime novel)</subfield>
  </datafield>
  <datafield tag="670" ind1=" " ind2=" ">
    <subfield code="a">Blood on the mink, 2012:</subfield>
    <subfield code="b">ser. t.p. (Hard Case Crime books) t.p. (A Hard Case Crime novel)</subfield>
  </datafield>
  <datafield tag="670" ind1=" " ind2=" ">
    <subfield code="a">Westlake, D. Brothers keepers, 2019:</subfield>
    <subfield code="b">title page (A Hard Case Crime novel) series title page (Hard Case Crime books) spine (HCC-138)</subfield>
  </datafield>
</record>