
<record>
  <leader>00401cz  a2200145n  4500</leader>
  <controlfield tag="001">6832384</controlfield>
  <controlfield tag="003">DLC</controlfield>
  <controlfield tag="005">20200104073303.0</controlfield>
  <controlfield tag="008">060425n| azannaabn          |n aaa     c</controlfield>
  <datafield tag="010" ind1=" " ind2=" ">
    <subfield code="a">no2006042197</subfield>
  </datafield>
  <datafield tag="035" ind1=" " ind2=" ">
    <subfield code="a">(OCoLC)oca06921881</subfield>
  </datafield>
  <datafield tag="040" ind1=" " ind2=" ">
    <subfield code="a">PPi-MA</subfield>
    <subfield code="b">eng</subfield>
    <subfield code="e">rda</subfield>
    <subfield code="c">PPi-MA</subfield>
    <subfield code="d">NcU</subfield>
  </datafield>
  <datafield tag="100" ind1="1" ind2=" ">
    <subfield code="a">Berg, Lee</subfield>
  </datafield>
  <datafield tag="374" ind1=" " ind2=" ">
    <subfield code="a">Musicians</subfield>
    <subfield code="2">lcsh</subfield>
  </datafield>
  <datafield tag="670" ind1=" " ind2=" ">
    <subfield code="a">Come to the mountain [SR] p2004:</subfield>
    <subfield code="b">container (Lee Berg) insert (vocalist)</subfield>
  </datafield>
</record>