
<record>
  <leader>00643cz  a2200193n  4500</leader>
  <controlfield tag="001">6840370</controlfield>
  <controlfield tag="003">DLC</controlfield>
  <controlfield tag="005">20200104073303.0</controlfield>
  <controlfield tag="008">060504n| azannaabn          |n aaa      </controlfield>
  <datafield tag="010" ind1=" " ind2=" ">
    <subfield code="a">nb2006010225</subfield>
  </datafield>
  <datafield tag="035" ind1=" " ind2=" ">
    <subfield code="a">(OCoLC)oca06932075</subfield>
  </datafield>
  <datafield tag="040" ind1=" " ind2=" ">
    <subfield code="a">Uk</subfield>
    <subfield code="b">eng</subfield>
    <subfield code="e">rda</subfield>
    <subfield code="c">Uk</subfield>
    <subfield code="d">NNC</subfield>
    <subfield code="d">DLC</subfield>
    <subfield code="d">InU</subfield>
  </datafield>
  <datafield tag="046" ind1=" " ind2=" ">
    <subfield code="f">1971</subfield>
    <subfield code="2">edtf</subfield>
  </datafield>
  <datafield tag="100" ind1="1" ind2=" ">
    <subfield code="a">Lolo, Radosław</subfield>
  </datafield>
  <datafield tag="375" ind1=" " ind2=" ">
    <subfield code="a">Males</subfield>
    <subfield code="2">lcdgt</subfield>
  </datafield>
  <datafield tag="377" ind1=" " ind2=" ">
    <subfield code="a">pol</subfield>
  </datafield>
  <datafield tag="670" ind1=" " ind2=" ">
    <subfield code="a">Rzeczpospolita wobec wojny trzydziestoletniej, 2004:</subfield>
    <subfield code="b">t.p. (Radosław Lolo)</subfield>
  </datafield>
  <datafield tag="670" ind1=" " ind2=" ">
    <subfield code="a">Handel Mazowsza ... 2008:</subfield>
    <subfield code="b">t.p. (Radosław Lolo)</subfield>
  </datafield>
  <datafield tag="670" ind1=" " ind2=" ">
    <subfield code="a">National Library of Poland catalog, Aug. 5, 2010</subfield>
    <subfield code="b">(hdg.: Lolo, Radosław (1971- ); usage: Radosław Lolo)</subfield>
  </datafield>
</record>