
<record>
  <leader>01369cz  a2200277n  4500</leader>
  <controlfield tag="001">6882688</controlfield>
  <controlfield tag="003">DLC</controlfield>
  <controlfield tag="005">20200104073303.0</controlfield>
  <controlfield tag="008">060619n| azannaabn          |b aaa      </controlfield>
  <datafield tag="010" ind1=" " ind2=" ">
    <subfield code="a">n 2006047843</subfield>
  </datafield>
  <datafield tag="035" ind1=" " ind2=" ">
    <subfield code="a">(OCoLC)oca06973172</subfield>
  </datafield>
  <datafield tag="040" ind1=" " ind2=" ">
    <subfield code="a">DLC</subfield>
    <subfield code="b">eng</subfield>
    <subfield code="e">rda</subfield>
    <subfield code="c">DLC</subfield>
    <subfield code="d">OCoLC</subfield>
    <subfield code="d">NNC</subfield>
    <subfield code="d">MH</subfield>
  </datafield>
  <datafield tag="046" ind1=" " ind2=" ">
    <subfield code="f">1949</subfield>
  </datafield>
  <datafield tag="100" ind1="1" ind2=" ">
    <subfield code="a">Tian, Tao,</subfield>
    <subfield code="d">1949-</subfield>
  </datafield>
  <datafield tag="370" ind1=" " ind2=" ">
    <subfield code="f">Shandong Sheng (China)</subfield>
    <subfield code="2">naf</subfield>
  </datafield>
  <datafield tag="373" ind1=" " ind2=" ">
    <subfield code="a">Shanghai zheng fa xue yuan</subfield>
    <subfield code="2">naf</subfield>
  </datafield>
  <datafield tag="400" ind1="1" ind2=" ">
    <subfield code="a">田涛,</subfield>
    <subfield code="d">1949-</subfield>
  </datafield>
  <datafield tag="400" ind1="1" ind2=" ">
    <subfield code="a">田濤,</subfield>
    <subfield code="d">1949-</subfield>
  </datafield>
  <datafield tag="667" ind1=" " ind2=" ">
    <subfield code="a">Machine-derived non-Latin script reference project.</subfield>
  </datafield>
  <datafield tag="667" ind1=" " ind2=" ">
    <subfield code="a">Non-Latin script references not evaluated.</subfield>
  </datafield>
  <datafield tag="667" ind1=" " ind2=" ">
    <subfield code="a">Non-Latin script references reviewed in NACO CJK Funnel References Project.</subfield>
  </datafield>
  <datafield tag="670" ind1=" " ind2=" ">
    <subfield code="a">Huangyan su song dang an ji diao cha bao gao, 2004:</subfield>
    <subfield code="b">t.p. (Tian Tao)</subfield>
  </datafield>
  <datafield tag="670" ind1=" " ind2=" ">
    <subfield code="a">Google,  2006-06-19:</subfield>
    <subfield code="b">(hdg. Tian Tao; ancestor from Shandong; grow up in Beijing; b. same year as Zhonghua Renmin Gongheguo;  self-taught expert in collecting contracts, classic books, etc. from masses; travel widely abroad; now teaches in Shanghai zheng fa xue yuan)</subfield>
  </datafield>
  <datafield tag="670" ind1=" " ind2=" ">
    <subfield code="a">Huizhou min jian si yue yan jiu ji Huizhou min jian xi guan diao cha, 2014:</subfield>
    <subfield code="b">t.p. (田涛 = Tian Tao) author introd. (prof., Shanghai zheng fa xue yuan)</subfield>
  </datafield>
  <datafield tag="670" ind1=" " ind2=" ">
    <subfield code="a">LC database, December 19, 2019</subfield>
    <subfield code="b">(access point: 田濤, 1949- = Tian, Tao, 1949-; usage: 田濤 = Tian Tao)</subfield>
  </datafield>
  <datafield tag="953" ind1=" " ind2=" ">
    <subfield code="a">yc05</subfield>
  </datafield>
</record>