
<record>
  <leader>01003cz  a2200241n  4500</leader>
  <controlfield tag="001">6891942</controlfield>
  <controlfield tag="003">DLC</controlfield>
  <controlfield tag="005">20200104073303.0</controlfield>
  <controlfield tag="008">060628n| azannaabn          |n aaa      </controlfield>
  <datafield tag="010" ind1=" " ind2=" ">
    <subfield code="a">n 2006050746</subfield>
  </datafield>
  <datafield tag="035" ind1=" " ind2=" ">
    <subfield code="a">(OCoLC)oca06982416</subfield>
  </datafield>
  <datafield tag="040" ind1=" " ind2=" ">
    <subfield code="a">DLC</subfield>
    <subfield code="b">eng</subfield>
    <subfield code="e">rda</subfield>
    <subfield code="c">DLC</subfield>
    <subfield code="d">NNU-L</subfield>
  </datafield>
  <datafield tag="046" ind1=" " ind2=" ">
    <subfield code="f">1893-12-26</subfield>
    <subfield code="g">1968-05-22</subfield>
    <subfield code="2">edtf</subfield>
  </datafield>
  <datafield tag="100" ind1="1" ind2=" ">
    <subfield code="a">Magruder, Calvert,</subfield>
    <subfield code="d">1893-1968</subfield>
  </datafield>
  <datafield tag="370" ind1=" " ind2=" ">
    <subfield code="a">Annapolis (Md.)</subfield>
    <subfield code="b">Newton Center (Newton, Mass.)</subfield>
    <subfield code="c">United States</subfield>
    <subfield code="2">naf</subfield>
  </datafield>
  <datafield tag="372" ind1=" " ind2=" ">
    <subfield code="a">Law</subfield>
    <subfield code="2">lcsh</subfield>
  </datafield>
  <datafield tag="374" ind1=" " ind2=" ">
    <subfield code="a">Judges</subfield>
    <subfield code="2">lcdgt</subfield>
  </datafield>
  <datafield tag="374" ind1=" " ind2=" ">
    <subfield code="a">Law teachers</subfield>
    <subfield code="2">lcsh</subfield>
  </datafield>
  <datafield tag="377" ind1=" " ind2=" ">
    <subfield code="a">eng</subfield>
  </datafield>
  <datafield tag="670" ind1=" " ind2=" ">
    <subfield code="a">LCCN 30023769: Crane, J.A. Cases on the law of partnership and other unincorporated business associations, c1930</subfield>
    <subfield code="b">(hdg.: Magruder, Calvert, 1893-; usage: Calvert Magruder)</subfield>
  </datafield>
  <datafield tag="670" ind1=" " ind2=" ">
    <subfield code="a">Biog. &amp; geneal. master index, June 28, 2006</subfield>
    <subfield code="b">(Magruder, Calvert (1893-1968))</subfield>
  </datafield>
  <datafield tag="670" ind1=" " ind2=" ">
    <subfield code="a">Amer. nat. biog., June 28, 2006</subfield>
    <subfield code="b">(Magruder, Calvert (26 Dec. 1893-22 May 1968); judge and legal educator; b. Annapolis, Md.; d. Newton Centre, Mass.)</subfield>
  </datafield>
  <datafield tag="953" ind1=" " ind2=" ">
    <subfield code="a">ta30</subfield>
  </datafield>
</record>