
<record>
  <leader>00561cz  a2200157n  4500</leader>
  <controlfield tag="001">6895887</controlfield>
  <controlfield tag="003">DLC</controlfield>
  <controlfield tag="005">20200104073303.0</controlfield>
  <controlfield tag="008">060425n| azannaabn          |n ana     c</controlfield>
  <datafield tag="010" ind1=" " ind2=" ">
    <subfield code="a">no2006068232</subfield>
  </datafield>
  <datafield tag="035" ind1=" " ind2=" ">
    <subfield code="a">(OCoLC)oca06984920</subfield>
  </datafield>
  <datafield tag="040" ind1=" " ind2=" ">
    <subfield code="a">SaPrUSA</subfield>
    <subfield code="b">eng</subfield>
    <subfield code="e">rda</subfield>
    <subfield code="c">SaPrUSA</subfield>
    <subfield code="d">NN</subfield>
  </datafield>
  <datafield tag="110" ind1="2" ind2=" ">
    <subfield code="a">National Union of Mineworkers (South Africa)</subfield>
  </datafield>
  <datafield tag="370" ind1=" " ind2=" ">
    <subfield code="c">South Africa</subfield>
    <subfield code="2">naf</subfield>
  </datafield>
  <datafield tag="670" ind1=" " ind2=" ">
    <subfield code="a">A thousand ways to die, 1986:</subfield>
    <subfield code="b">t.p. (National Union of Mineworkers)</subfield>
  </datafield>
  <datafield tag="670" ind1=" " ind2=" ">
    <subfield code="a">NLSA, Apr. 25, 2006</subfield>
    <subfield code="b">(hdg.: National Union of Mineworkers (South Arica); usage: National Union of Mineworkers)</subfield>
  </datafield>
</record>