
<record>
  <leader>00942cz  a2200181n  4500</leader>
  <controlfield tag="001">6968141</controlfield>
  <controlfield tag="003">DLC</controlfield>
  <controlfield tag="005">20200104073318.0</controlfield>
  <controlfield tag="008">060919n| azannaabn          |n aaa     c</controlfield>
  <datafield tag="010" ind1=" " ind2=" ">
    <subfield code="a">no2006099350</subfield>
  </datafield>
  <datafield tag="035" ind1=" " ind2=" ">
    <subfield code="a">(OCoLC)oca07055343</subfield>
  </datafield>
  <datafield tag="040" ind1=" " ind2=" ">
    <subfield code="a">ZA-NbPUK</subfield>
    <subfield code="b">eng</subfield>
    <subfield code="e">rda</subfield>
    <subfield code="c">ZA-NbPUK</subfield>
    <subfield code="d">Uk</subfield>
    <subfield code="d">DNLM</subfield>
  </datafield>
  <datafield tag="046" ind1=" " ind2=" ">
    <subfield code="f">1968</subfield>
    <subfield code="2">edtf</subfield>
  </datafield>
  <datafield tag="100" ind1="1" ind2=" ">
    <subfield code="a">Shrivastava, Pankaj</subfield>
  </datafield>
  <datafield tag="670" ind1=" " ind2=" ">
    <subfield code="a">Challenges in sustainable development, 2004:</subfield>
    <subfield code="b">t.p. (Pankaj Shrivastava)</subfield>
  </datafield>
  <datafield tag="670" ind1=" " ind2=" ">
    <subfield code="a">Recent advances in forensic biology, 2002:</subfield>
    <subfield code="b">t.p. (Dr. Pankaj Shrivastava) jkt. (Sci. Off. State Forensic Science Laboratory, Sagar. Author of Environment education)</subfield>
  </datafield>
  <datafield tag="670" ind1=" " ind2=" ">
    <subfield code="a">DK Agencies, 11 Dec. 2008</subfield>
    <subfield code="b">(hdg.: Shrivastava, Pankaj, 1968-)</subfield>
  </datafield>
  <datafield tag="670" ind1=" " ind2=" ">
    <subfield code="a">DNA fingerprinting, 2018:</subfield>
    <subfield code="b">title page (Pankaj Shrivastava) title page verso (DNA Fingerprinting Unit, State Forensic Science Laboratory, Sagar, Madhya Pradesh, India) page ix (received his Ph.D. in microbiology from Rani Durgavati University, Jabalpur)</subfield>
  </datafield>
</record>