
<record>
  <leader>00895cz  a2200205n  4500</leader>
  <controlfield tag="001">6982000</controlfield>
  <controlfield tag="003">DLC</controlfield>
  <controlfield tag="005">20200104073318.0</controlfield>
  <controlfield tag="008">061004n| azannaabn          |b aaa      </controlfield>
  <datafield tag="010" ind1=" " ind2=" ">
    <subfield code="a">n 2006076456</subfield>
  </datafield>
  <datafield tag="035" ind1=" " ind2=" ">
    <subfield code="a">(OCoLC)oca07070395</subfield>
  </datafield>
  <datafield tag="040" ind1=" " ind2=" ">
    <subfield code="a">DLC</subfield>
    <subfield code="b">eng</subfield>
    <subfield code="e">rda</subfield>
    <subfield code="c">DLC</subfield>
    <subfield code="d">OCoLC</subfield>
    <subfield code="d">DLC</subfield>
    <subfield code="d">CaLaUCEA</subfield>
  </datafield>
  <datafield tag="100" ind1="1" ind2=" ">
    <subfield code="a">Chŏng, Hoe-sŏng</subfield>
  </datafield>
  <datafield tag="400" ind1="1" ind2=" ">
    <subfield code="a">정 회성</subfield>
  </datafield>
  <datafield tag="400" ind1="1" ind2=" ">
    <subfield code="a">정회성</subfield>
  </datafield>
  <datafield tag="667" ind1=" " ind2=" ">
    <subfield code="a">Machine-derived non-Latin script reference project.</subfield>
  </datafield>
  <datafield tag="667" ind1=" " ind2=" ">
    <subfield code="a">Non-Latin script references not evaluated.</subfield>
  </datafield>
  <datafield tag="667" ind1=" " ind2=" ">
    <subfield code="a">Non-Latin script references reviewed in NACO CJK Funnel References Project.</subfield>
  </datafield>
  <datafield tag="670" ind1=" " ind2=" ">
    <subfield code="a">Chibanghwa, segyehwa sidae chiyŏk hwan&apos;gyŏng kwalli ŭi kwaje wa chŏngch&apos;aek pangan, 2004:</subfield>
    <subfield code="b">title page (정 회성 = Chŏng Hoe-sŏng) front flap (chŏngch&apos;aekhak paksa, Miguk West Virginia University, researcher, Han&apos;guk Hwan&apos;gyŏng Chŏngch&apos;aek P&apos;yŏngka Yŏn&apos;guwŏn)</subfield>
  </datafield>
  <datafield tag="953" ind1=" " ind2=" ">
    <subfield code="a">yc14</subfield>
  </datafield>
</record>