
<record>
  <leader>00888cz  a2200217n  4500</leader>
  <controlfield tag="001">7019914</controlfield>
  <controlfield tag="003">DLC</controlfield>
  <controlfield tag="005">20200104073318.0</controlfield>
  <controlfield tag="008">061114n| azannaabn          |a aaa      </controlfield>
  <datafield tag="010" ind1=" " ind2=" ">
    <subfield code="a">n 2006086893</subfield>
  </datafield>
  <datafield tag="035" ind1=" " ind2=" ">
    <subfield code="a">(OCoLC)oca07252935</subfield>
  </datafield>
  <datafield tag="040" ind1=" " ind2=" ">
    <subfield code="a">DLC</subfield>
    <subfield code="b">eng</subfield>
    <subfield code="e">rda</subfield>
    <subfield code="c">DLC</subfield>
    <subfield code="d">DLC</subfield>
    <subfield code="d">WaBeWWUM</subfield>
  </datafield>
  <datafield tag="046" ind1=" " ind2=" ">
    <subfield code="f">1926</subfield>
    <subfield code="g">1999</subfield>
    <subfield code="2">edtf</subfield>
  </datafield>
  <datafield tag="100" ind1="1" ind2=" ">
    <subfield code="a">T︠S︡it︠s︡iki︠a︡n, Anait,</subfield>
    <subfield code="d">1926-1999</subfield>
  </datafield>
  <datafield tag="370" ind1=" " ind2=" ">
    <subfield code="c">Armenia</subfield>
    <subfield code="2">naf</subfield>
  </datafield>
  <datafield tag="374" ind1=" " ind2=" ">
    <subfield code="a">Violinists</subfield>
    <subfield code="2">lcdgt</subfield>
  </datafield>
  <datafield tag="400" ind1="1" ind2=" ">
    <subfield code="a">Tsitsikian, Anahit,</subfield>
    <subfield code="d">1926-1999</subfield>
  </datafield>
  <datafield tag="400" ind1="1" ind2=" ">
    <subfield code="a">Tsʻitsʻikyan, Anahit,</subfield>
    <subfield code="d">1926-1999</subfield>
  </datafield>
  <datafield tag="670" ind1=" " ind2=" ">
    <subfield code="a">T︠S︡it︠s︡iki︠a︡n, Anait. Armi︠a︡nskoe smychkovoe iskusstvo, 2004:</subfield>
    <subfield code="b">t.p. (Anait T︠S︡it︠s︡iki︠a︡n) added t.p. (Anahit Tsitsikian) cover p. 3 (Anahit Tsitsikian (1926-1999); Armenian violinist and music scholar)</subfield>
  </datafield>
  <datafield tag="670" ind1=" " ind2=" ">
    <subfield code="a">Haykakan agheghnayin arvestě, 2011:</subfield>
    <subfield code="b">t.p. (Anahit Tsʻitsʻikyan, Anahit)</subfield>
  </datafield>
  <datafield tag="953" ind1=" " ind2=" ">
    <subfield code="a">vl26</subfield>
    <subfield code="b">ce03</subfield>
  </datafield>
</record>