
<record>
  <leader>00594cz  a2200145n  4500</leader>
  <controlfield tag="001">7147032</controlfield>
  <controlfield tag="003">DLC</controlfield>
  <controlfield tag="005">20200104073241.0</controlfield>
  <controlfield tag="008">070410n| azannaabn          |a ana      </controlfield>
  <datafield tag="010" ind1=" " ind2=" ">
    <subfield code="a">n 2007181441</subfield>
  </datafield>
  <datafield tag="035" ind1=" " ind2=" ">
    <subfield code="a">(OCoLC)oca07380012</subfield>
  </datafield>
  <datafield tag="040" ind1=" " ind2=" ">
    <subfield code="a">DNLM</subfield>
    <subfield code="b">eng</subfield>
    <subfield code="e">rda</subfield>
    <subfield code="c">DNLM</subfield>
    <subfield code="d">DLC</subfield>
    <subfield code="d">NcU</subfield>
  </datafield>
  <datafield tag="110" ind1="1" ind2=" ">
    <subfield code="a">Montgomery County (Md.).</subfield>
    <subfield code="b">Public Health Services</subfield>
  </datafield>
  <datafield tag="410" ind1="1" ind2=" ">
    <subfield code="a">Montgomery County (Md.).</subfield>
    <subfield code="b">Department of Health and Human Services.</subfield>
    <subfield code="b">Public Health Services</subfield>
  </datafield>
  <datafield tag="670" ind1=" " ind2=" ">
    <subfield code="a">Plan to be safe, 2005:</subfield>
    <subfield code="b">p. 2 of instructor&apos;s guide (Public Health Services of the Montgomery County, Maryland Department of Health and Human Services)</subfield>
  </datafield>
</record>