
<record>
  <leader>01187cz  a2200193n  4500</leader>
  <controlfield tag="001">7260779</controlfield>
  <controlfield tag="003">DLC</controlfield>
  <controlfield tag="005">20200104073242.0</controlfield>
  <controlfield tag="008">070810n| azannaabn          |a aaa      </controlfield>
  <datafield tag="010" ind1=" " ind2=" ">
    <subfield code="a">n 2007183606</subfield>
  </datafield>
  <datafield tag="035" ind1=" " ind2=" ">
    <subfield code="a">(OCoLC)oca07490914</subfield>
  </datafield>
  <datafield tag="040" ind1=" " ind2=" ">
    <subfield code="a">DNLM</subfield>
    <subfield code="b">eng</subfield>
    <subfield code="e">rda</subfield>
    <subfield code="c">DNLM</subfield>
    <subfield code="d">DLC</subfield>
    <subfield code="d">DNLM</subfield>
  </datafield>
  <datafield tag="100" ind1="1" ind2=" ">
    <subfield code="a">Wilson, Paul</subfield>
    <subfield code="q">(Paul F.)</subfield>
  </datafield>
  <datafield tag="378" ind1=" " ind2=" ">
    <subfield code="q">Paul F.</subfield>
  </datafield>
  <datafield tag="400" ind1="1" ind2=" ">
    <subfield code="a">Wilson, P. F.</subfield>
    <subfield code="q">(Paul F.)</subfield>
  </datafield>
  <datafield tag="670" ind1=" " ind2=" ">
    <subfield code="a">Wilson, Paul. Variation in DNA double strand break repair capacity in diploid human fibroblasts after low doses of IR, 2007:</subfield>
    <subfield code="b">title frame (Dr. Paul Wilson, Lawrence Livermore National Laboratory) PowerPoint screen (P.F. Wilson)</subfield>
  </datafield>
  <datafield tag="670" ind1=" " ind2=" ">
    <subfield code="a">Radiation cytogenetics, 2019:</subfield>
    <subfield code="b">title page (Paul F. Wilson, Department of Radiation Oncology, University of California Davis, Sacramento, CA, USA)</subfield>
  </datafield>
  <datafield tag="670" ind1=" " ind2=" ">
    <subfield code="a">Linkedin, viewed December 23, 2019</subfield>
    <subfield code="b">profile page (Paul Wilson, visiting associate professor, Radiation Oncology, UC Davis, Sacramento, California, Sep 2015-present; Lawrence Livermore National Laboratory, Biomedical Scientist, 2008-Jan 2011, DNA Repair, Radiation Biology, Member, UC Davis Cancer Center; Postdoctoral Research Fellow, 2006-2008, DNA Repair, Radiation Biology)</subfield>
  </datafield>
  <datafield tag="953" ind1=" " ind2=" ">
    <subfield code="a">yz00</subfield>
    <subfield code="b">ta69</subfield>
  </datafield>
</record>