
<record>
  <leader>00995cz  a2200193n  4500</leader>
  <controlfield tag="001">7262441</controlfield>
  <controlfield tag="003">DLC</controlfield>
  <controlfield tag="005">20200104073242.0</controlfield>
  <controlfield tag="008">070810n| azannaabn          |a aaa     c</controlfield>
  <datafield tag="010" ind1=" " ind2=" ">
    <subfield code="a">no2007091626</subfield>
  </datafield>
  <datafield tag="035" ind1=" " ind2=" ">
    <subfield code="a">(OCoLC)oca07490198</subfield>
  </datafield>
  <datafield tag="040" ind1=" " ind2=" ">
    <subfield code="a">TCooP</subfield>
    <subfield code="b">eng</subfield>
    <subfield code="e">rda</subfield>
    <subfield code="c">TCooP</subfield>
    <subfield code="d">WU</subfield>
  </datafield>
  <datafield tag="100" ind1="1" ind2=" ">
    <subfield code="a">Iyama-Kurtycz, Tina</subfield>
  </datafield>
  <datafield tag="400" ind1="1" ind2=" ">
    <subfield code="w">nnea</subfield>
    <subfield code="a">Iyama, Tina</subfield>
  </datafield>
  <datafield tag="400" ind1="1" ind2=" ">
    <subfield code="a">Iyama, Christina</subfield>
  </datafield>
  <datafield tag="400" ind1="1" ind2=" ">
    <subfield code="a">Iyama-Kurtycz, Christina</subfield>
  </datafield>
  <datafield tag="670" ind1=" " ind2=" ">
    <subfield code="a">Asperger syndrome, c2002:</subfield>
    <subfield code="b">title screen (Tina Iyama, M.D., Associate Prof. of Pediatrics, University of Wisconsin - Madison) container (&quot;includes an in-depth interview with Dr. Tina Iyama, M.D., University of Wisconsin Children&apos;s Hospital&quot;)</subfield>
  </datafield>
  <datafield tag="670" ind1=" " ind2=" ">
    <subfield code="a">Diagnosing and caring for the child with autism spectrum disorder, ©2020:</subfield>
    <subfield code="b">title page (Tina Iyama-Kurtycz) title page verso (Tina Iyama-Kurtycz, MD, Waisman Center, University of Wisconsin System, Madison, WI)</subfield>
  </datafield>
  <datafield tag="670" ind1=" " ind2=" ">
    <subfield code="a">OCLC, Jan. 3, 2020</subfield>
    <subfield code="b">(access points: Iyama, Tina; Iyama, Christina; Iyama-Kurtycz, Christina, 1951-)</subfield>
  </datafield>
</record>