
<record>
  <leader>00817cz  a2200241n  4500</leader>
  <controlfield tag="001">7272164</controlfield>
  <controlfield tag="003">DLC</controlfield>
  <controlfield tag="005">20200104073242.0</controlfield>
  <controlfield tag="008">070821n| azannaabn          |n aaa     c</controlfield>
  <datafield tag="010" ind1=" " ind2=" ">
    <subfield code="a">no2007095974</subfield>
  </datafield>
  <datafield tag="016" ind1=" " ind2=" ">
    <subfield code="a">1018L2195E</subfield>
  </datafield>
  <datafield tag="035" ind1=" " ind2=" ">
    <subfield code="a">(OCoLC)oca07499719</subfield>
  </datafield>
  <datafield tag="040" ind1=" " ind2=" ">
    <subfield code="a">NBuU</subfield>
    <subfield code="b">eng</subfield>
    <subfield code="e">rda</subfield>
    <subfield code="c">NBuU</subfield>
    <subfield code="d">DLC</subfield>
    <subfield code="d">CaBViV</subfield>
    <subfield code="d">CaOONL</subfield>
  </datafield>
  <datafield tag="053" ind1=" " ind2="0">
    <subfield code="a">PR9199.4.B883</subfield>
  </datafield>
  <datafield tag="053" ind1=" " ind2="4">
    <subfield code="a">PS8603.U7545</subfield>
    <subfield code="5">CaOONL</subfield>
  </datafield>
  <datafield tag="100" ind1="1" ind2=" ">
    <subfield code="a">Burton, Brea</subfield>
  </datafield>
  <datafield tag="370" ind1=" " ind2=" ">
    <subfield code="e">Alberta</subfield>
    <subfield code="2">naf</subfield>
  </datafield>
  <datafield tag="378" ind1=" " ind2=" ">
    <subfield code="q">Brea Oneal</subfield>
  </datafield>
  <datafield tag="670" ind1=" " ind2=" ">
    <subfield code="a">Pirate lore, 2005:</subfield>
    <subfield code="b">t.p. (Brea Burton)</subfield>
  </datafield>
  <datafield tag="670" ind1=" " ind2=" ">
    <subfield code="a">Booty, c2007:</subfield>
    <subfield code="b">t.p. (Brea Burton) cover flap (Brea Burton; originally from Edmonton; moved to Calgary)</subfield>
  </datafield>
  <datafield tag="670" ind1=" " ind2=" ">
    <subfield code="a">Canadiana database, viewed 12 December 2019</subfield>
    <subfield code="b">(Authorized access Point: Burton, Brea; usage: Brea Oneal Burton)</subfield>
  </datafield>
  <datafield tag="700" ind1="1" ind2="6">
    <subfield code="a">Burton, Brea</subfield>
    <subfield code="0">(CaOONL)ncf10560329</subfield>
  </datafield>
  <datafield tag="953" ind1=" " ind2=" ">
    <subfield code="b">lh39</subfield>
  </datafield>
</record>