
<record>
  <leader>01804cz  a2200301n  4500</leader>
  <controlfield tag="001">7273721</controlfield>
  <controlfield tag="003">DLC</controlfield>
  <controlfield tag="005">20200104073242.0</controlfield>
  <controlfield tag="008">070823n| azannaabn          |a aaa      </controlfield>
  <datafield tag="010" ind1=" " ind2=" ">
    <subfield code="a">n 2007059977</subfield>
  </datafield>
  <datafield tag="035" ind1=" " ind2=" ">
    <subfield code="a">(Uk)006891138</subfield>
  </datafield>
  <datafield tag="035" ind1=" " ind2=" ">
    <subfield code="a">(OCoLC)oca07502824</subfield>
  </datafield>
  <datafield tag="040" ind1=" " ind2=" ">
    <subfield code="a">DLC</subfield>
    <subfield code="b">eng</subfield>
    <subfield code="e">rda</subfield>
    <subfield code="c">DLC</subfield>
    <subfield code="d">DLC</subfield>
    <subfield code="d">Uk</subfield>
    <subfield code="d">DLC</subfield>
    <subfield code="d">CU-I</subfield>
  </datafield>
  <datafield tag="046" ind1=" " ind2=" ">
    <subfield code="s">20</subfield>
  </datafield>
  <datafield tag="100" ind1="1" ind2=" ">
    <subfield code="a">Dawson, Timothy</subfield>
    <subfield code="q">(Timothy George)</subfield>
  </datafield>
  <datafield tag="370" ind1=" " ind2=" ">
    <subfield code="c">Great Britain</subfield>
    <subfield code="c">England</subfield>
    <subfield code="c">Australia</subfield>
    <subfield code="e">Leeds (England)</subfield>
    <subfield code="f">Armidale (N.S.W.)</subfield>
    <subfield code="2">naf</subfield>
  </datafield>
  <datafield tag="372" ind1=" " ind2=" ">
    <subfield code="a">History</subfield>
    <subfield code="2">lcsh</subfield>
  </datafield>
  <datafield tag="374" ind1=" " ind2=" ">
    <subfield code="a">Historians</subfield>
    <subfield code="2">lcsh</subfield>
  </datafield>
  <datafield tag="375" ind1=" " ind2=" ">
    <subfield code="a">male</subfield>
  </datafield>
  <datafield tag="377" ind1=" " ind2=" ">
    <subfield code="a">eng</subfield>
  </datafield>
  <datafield tag="378" ind1=" " ind2=" ">
    <subfield code="q">Timothy George</subfield>
  </datafield>
  <datafield tag="400" ind1="1" ind2=" ">
    <subfield code="a">Dawson, Timothy George</subfield>
  </datafield>
  <datafield tag="400" ind1="1" ind2=" ">
    <subfield code="w">nnea</subfield>
    <subfield code="a">Dawson, Timothy,</subfield>
    <subfield code="c">PhD.</subfield>
  </datafield>
  <datafield tag="670" ind1=" " ind2=" ">
    <subfield code="a">Dawson, Timothy, PhD. Byzantine infantryman, c2007:</subfield>
    <subfield code="b">t.p. (Timothy Dawson) p. 2 of cover (PhD in Classics (Byzantine studies))</subfield>
  </datafield>
  <datafield tag="670" ind1=" " ind2=" ">
    <subfield code="a">Late medieval and early modern fight books, 2016:</subfield>
    <subfield code="b">t.p. (Timothy Dawson) data view (Timothy George Dawson began researching European historical combat forms in 1981; has degrees in Classical Studies, publicatios focus on everyday life and material culture)</subfield>
  </datafield>
  <datafield tag="670" ind1=" " ind2=" ">
    <subfield code="a">Linkedin, viewed 27 My 2014</subfield>
    <subfield code="b">(Timothy Dawson, Historian, researcher and educator, lives in Leeds, England; has worked for Leeds Industrial Museum, York Archaeological Trust, Jorvik Viking Centre, Harnois UK)</subfield>
  </datafield>
  <datafield tag="670" ind1=" " ind2=" ">
    <subfield code="a">Osprey Publishing website, viewed 27 May 2014:</subfield>
    <subfield code="b">authors page (Dr Timothy Dawson gained his PhD in Classics (Byzantine Studies) from the University of New England, New South Wales, Australia in 2003. He has lectured for many years on Byzantine, Greek and Roman armies. He has also written extensively on this period. He is currently editor of Medieval History Magazine and is a keen reenactor, particularly of the medieval European period; lives in Leeds)</subfield>
  </datafield>
  <datafield tag="953" ind1=" " ind2=" ">
    <subfield code="a">lf11</subfield>
  </datafield>
</record>