
<record>
  <leader>01472cz  a2200277n  4500</leader>
  <controlfield tag="001">7354409</controlfield>
  <controlfield tag="003">DLC</controlfield>
  <controlfield tag="005">20200104073311.0</controlfield>
  <controlfield tag="008">071106n| azannaabn          |b aaa     c</controlfield>
  <datafield tag="010" ind1=" " ind2=" ">
    <subfield code="a">no2007138786</subfield>
  </datafield>
  <datafield tag="035" ind1=" " ind2=" ">
    <subfield code="a">(OCoLC)oca07580789</subfield>
  </datafield>
  <datafield tag="040" ind1=" " ind2=" ">
    <subfield code="a">CU-I</subfield>
    <subfield code="b">eng</subfield>
    <subfield code="e">rda</subfield>
    <subfield code="c">CU-I</subfield>
    <subfield code="d">OCoLC</subfield>
    <subfield code="d">HkUST</subfield>
    <subfield code="d">DLC</subfield>
    <subfield code="d">MH-HY</subfield>
    <subfield code="d">MH</subfield>
  </datafield>
  <datafield tag="046" ind1=" " ind2=" ">
    <subfield code="s">12</subfield>
    <subfield code="t">13</subfield>
  </datafield>
  <datafield tag="100" ind1="1" ind2=" ">
    <subfield code="a">Tan, Jinsun,</subfield>
    <subfield code="d">active 13th century-14th century</subfield>
  </datafield>
  <datafield tag="400" ind1="1" ind2=" ">
    <subfield code="a">Tan, Cunli,</subfield>
    <subfield code="d">active 13th century-14th century</subfield>
  </datafield>
  <datafield tag="400" ind1="1" ind2=" ">
    <subfield code="a">Tan, Shujin,</subfield>
    <subfield code="d">active 13th century-14th century</subfield>
  </datafield>
  <datafield tag="400" ind1="1" ind2=" ">
    <subfield code="w">nnea</subfield>
    <subfield code="a">Tan, Jinsun,</subfield>
    <subfield code="d">13th/14th cent.</subfield>
  </datafield>
  <datafield tag="400" ind1="1" ind2=" ">
    <subfield code="a">譚金孫,</subfield>
    <subfield code="d">active 13th century-14th century</subfield>
  </datafield>
  <datafield tag="400" ind1="1" ind2=" ">
    <subfield code="a">譚存理,</subfield>
    <subfield code="d">active 13th century-14th century</subfield>
  </datafield>
  <datafield tag="400" ind1="1" ind2=" ">
    <subfield code="a">譚叔金,</subfield>
    <subfield code="d">active 13th century-14th century</subfield>
  </datafield>
  <datafield tag="667" ind1=" " ind2=" ">
    <subfield code="a">Machine-derived non-Latin script reference project.</subfield>
  </datafield>
  <datafield tag="667" ind1=" " ind2=" ">
    <subfield code="a">Non-Latin script references not evaluated.</subfield>
  </datafield>
  <datafield tag="667" ind1=" " ind2=" ">
    <subfield code="a">Non-Latin script references reviewed in NACO CJK Funnel References Project.</subfield>
  </datafield>
  <datafield tag="670" ind1=" " ind2=" ">
    <subfield code="a">Jing xuan zeng ru wen quan zhu ru ao lun ce xue tong zong qian ji, 1997:</subfield>
    <subfield code="b">t.p. (譚金孫 = Tan Jinsun); p. 429 (Yuan dynasty, other personal names: 叔金 = Shujin, 存理 = Cunli, claimed to be a native of Guyun, an unknown place)</subfield>
  </datafield>
  <datafield tag="670" ind1=" " ind2=" ">
    <subfield code="a">OCLC, Nov. 6, 2007</subfield>
    <subfield code="b">(hdg.: Tan, Jinsun, 13th/14th cent. ; usage: Tan Jinsun)</subfield>
  </datafield>
  <datafield tag="670" ind1=" " ind2=" ">
    <subfield code="a">OCLC #370384734, November 5, 2019</subfield>
    <subfield code="b">(access point: 譚金孫, active 13th century-14th century = Tan, Jinsun, active 13th century-14th century; usage: 譚金孫 = Tan Jinsun)</subfield>
  </datafield>
</record>