
<record>
  <leader>00427cz  a2200145n  4500</leader>
  <controlfield tag="001">7383965</controlfield>
  <controlfield tag="003">DLC</controlfield>
  <controlfield tag="005">20200104073311.0</controlfield>
  <controlfield tag="008">071217n| azannaabn          |n aaa     c</controlfield>
  <datafield tag="010" ind1=" " ind2=" ">
    <subfield code="a">no2007155681</subfield>
  </datafield>
  <datafield tag="035" ind1=" " ind2=" ">
    <subfield code="a">(OCoLC)oca07610486</subfield>
  </datafield>
  <datafield tag="040" ind1=" " ind2=" ">
    <subfield code="a">TxU-Mu</subfield>
    <subfield code="b">eng</subfield>
    <subfield code="e">rda</subfield>
    <subfield code="c">TxU-Mu</subfield>
    <subfield code="d">DLC</subfield>
    <subfield code="d">OOC</subfield>
  </datafield>
  <datafield tag="100" ind1="1" ind2=" ">
    <subfield code="a">Teitgen, Jean</subfield>
    <subfield code="c">(Bass)</subfield>
  </datafield>
  <datafield tag="374" ind1=" " ind2=" ">
    <subfield code="a">Basses (Singers)</subfield>
    <subfield code="2">lcsh</subfield>
  </datafield>
  <datafield tag="670" ind1=" " ind2=" ">
    <subfield code="a">Desmarets, H. Vénus &amp; Adonis [SR] p2007:</subfield>
    <subfield code="b">container (Jean Teitgen; bass)</subfield>
  </datafield>
</record>