
<record>
  <leader>00816cz  a2200229n  4500</leader>
  <controlfield tag="001">7390133</controlfield>
  <controlfield tag="003">DLC</controlfield>
  <controlfield tag="005">20200104073311.0</controlfield>
  <controlfield tag="008">071231n| azannaabn          |b aaa      </controlfield>
  <datafield tag="010" ind1=" " ind2=" ">
    <subfield code="a">n 2007091457</subfield>
  </datafield>
  <datafield tag="035" ind1=" " ind2=" ">
    <subfield code="a">(OCoLC)oca07617413</subfield>
  </datafield>
  <datafield tag="040" ind1=" " ind2=" ">
    <subfield code="a">DLC</subfield>
    <subfield code="b">eng</subfield>
    <subfield code="e">rda</subfield>
    <subfield code="c">DLC</subfield>
    <subfield code="d">InU</subfield>
  </datafield>
  <datafield tag="053" ind1=" " ind2="0">
    <subfield code="a">PG3478.L46</subfield>
  </datafield>
  <datafield tag="100" ind1="1" ind2=" ">
    <subfield code="a">Alibeĭli, Gi︠u︡lʹrukh</subfield>
  </datafield>
  <datafield tag="375" ind1=" " ind2=" ">
    <subfield code="a">Females</subfield>
    <subfield code="2">lcdgt</subfield>
  </datafield>
  <datafield tag="377" ind1=" " ind2=" ">
    <subfield code="a">rus</subfield>
  </datafield>
  <datafield tag="400" ind1="1" ind2=" ">
    <subfield code="a">Алибейли, Гюльрух</subfield>
  </datafield>
  <datafield tag="400" ind1="1" ind2=" ">
    <subfield code="a">Алибейли, Г.</subfield>
    <subfield code="q">(Гюльрух)</subfield>
  </datafield>
  <datafield tag="400" ind1="1" ind2=" ">
    <subfield code="a">Alibeĭli, G.</subfield>
    <subfield code="q">(Gi︠u︡lʹrukh)</subfield>
  </datafield>
  <datafield tag="667" ind1=" " ind2=" ">
    <subfield code="a">Non-Latin script references not evaluated.</subfield>
  </datafield>
  <datafield tag="670" ind1=" " ind2=" ">
    <subfield code="a">Alibeĭli, Gi︠u︡lʹrukh. O vremeni i o sebe, 2006:</subfield>
    <subfield code="b">t.p. (Gi︠u︡lʹrukh Alibeĭli) cover (G. Alibeĭli) t.p. verso (essayist, critic, author, doktor filologicheskikh nauk, professor)</subfield>
  </datafield>
  <datafield tag="953" ind1=" " ind2=" ">
    <subfield code="a">le14</subfield>
  </datafield>
</record>