
<record>
  <leader>01664cz  a2200325n  4500</leader>
  <controlfield tag="001">7410579</controlfield>
  <controlfield tag="003">DLC</controlfield>
  <controlfield tag="005">20200104073311.0</controlfield>
  <controlfield tag="008">071008n| azannaabn          |b aaa     c</controlfield>
  <datafield tag="010" ind1=" " ind2=" ">
    <subfield code="a">no2008010848</subfield>
  </datafield>
  <datafield tag="035" ind1=" " ind2=" ">
    <subfield code="a">(OCoLC)oca07636699</subfield>
  </datafield>
  <datafield tag="040" ind1=" " ind2=" ">
    <subfield code="a">CU-I</subfield>
    <subfield code="b">eng</subfield>
    <subfield code="e">rda</subfield>
    <subfield code="c">CU-I</subfield>
    <subfield code="d">OCoLC</subfield>
    <subfield code="d">HkUST</subfield>
    <subfield code="d">DLC</subfield>
    <subfield code="d">MH</subfield>
  </datafield>
  <datafield tag="046" ind1=" " ind2=" ">
    <subfield code="s">14</subfield>
    <subfield code="t">15</subfield>
  </datafield>
  <datafield tag="100" ind1="1" ind2=" ">
    <subfield code="a">Wang, Yin,</subfield>
    <subfield code="d">active 15th century-16th century</subfield>
  </datafield>
  <datafield tag="400" ind1="0" ind2=" ">
    <subfield code="a">Shiyueshanren,</subfield>
    <subfield code="d">active 15th century-16th century</subfield>
  </datafield>
  <datafield tag="400" ind1="1" ind2=" ">
    <subfield code="a">Wang, Liangqing,</subfield>
    <subfield code="d">active 15th century-16th century</subfield>
  </datafield>
  <datafield tag="400" ind1="1" ind2=" ">
    <subfield code="a">Wang, Shiyue,</subfield>
    <subfield code="d">active 15th century-16th century</subfield>
  </datafield>
  <datafield tag="400" ind1="1" ind2=" ">
    <subfield code="w">nnea</subfield>
    <subfield code="a">Wang, Yin,</subfield>
    <subfield code="d">15th/16th cent.</subfield>
  </datafield>
  <datafield tag="400" ind1="1" ind2=" ">
    <subfield code="a">Wang, Zhongfang,</subfield>
    <subfield code="d">active 15th century-16th century</subfield>
  </datafield>
  <datafield tag="400" ind1="1" ind2=" ">
    <subfield code="a">王寅,</subfield>
    <subfield code="d">active 15th century-16th century</subfield>
  </datafield>
  <datafield tag="400" ind1="0" ind2=" ">
    <subfield code="a">十岳山人,</subfield>
    <subfield code="d">active 15th century-16th century</subfield>
  </datafield>
  <datafield tag="400" ind1="0" ind2=" ">
    <subfield code="a">十嶽山人,</subfield>
    <subfield code="d">active 15th century-16th century</subfield>
  </datafield>
  <datafield tag="400" ind1="1" ind2=" ">
    <subfield code="a">王仲房,</subfield>
    <subfield code="d">active 15th century-16th century</subfield>
  </datafield>
  <datafield tag="400" ind1="1" ind2=" ">
    <subfield code="a">王亮卿,</subfield>
    <subfield code="d">active 15th century-16th century</subfield>
  </datafield>
  <datafield tag="400" ind1="1" ind2=" ">
    <subfield code="a">王十嶽,</subfield>
    <subfield code="d">active 15th century-16th century</subfield>
  </datafield>
  <datafield tag="667" ind1=" " ind2=" ">
    <subfield code="a">Machine-derived non-Latin script reference project.</subfield>
  </datafield>
  <datafield tag="667" ind1=" " ind2=" ">
    <subfield code="a">Non-Latin script references not evaluated.</subfield>
  </datafield>
  <datafield tag="667" ind1=" " ind2=" ">
    <subfield code="a">Non-Latin script references reviewed in NACO CJK Funnel References Project.</subfield>
  </datafield>
  <datafield tag="670" ind1=" " ind2=" ">
    <subfield code="a">Shiyueshanren shi ji [in Si ku quan shu cun mu cong shu. Ji bu, v. 79], 1997:</subfield>
    <subfield code="b">t.p. (王寅 = Wang Yin; 十嶽山人 = Shiyueshanren; 王十嶽 = Wang Shiyue) p. 319 (Ming dynasty, other personal names: 仲房 = Zhongfang, 亮卿 = Liangqing, native of Shexian, also known as: 十岳山人 = Shiyueshanren)</subfield>
  </datafield>
  <datafield tag="670" ind1=" " ind2=" ">
    <subfield code="a">OCLC, Oct. 8, 2007</subfield>
    <subfield code="b">(hdg.: Wang, Yin, 15th/16th cent.; usage: Wang Yin)</subfield>
  </datafield>
</record>