
<record>
  <leader>00447cz  a2200145n  4500</leader>
  <controlfield tag="001">7419945</controlfield>
  <controlfield tag="003">DLC</controlfield>
  <controlfield tag="005">20200104073312.0</controlfield>
  <controlfield tag="008">080201n| acannaabn          |n aaa      </controlfield>
  <datafield tag="010" ind1=" " ind2=" ">
    <subfield code="a">n 2008008108</subfield>
  </datafield>
  <datafield tag="035" ind1=" " ind2=" ">
    <subfield code="a">(OCoLC)oca07647274</subfield>
  </datafield>
  <datafield tag="040" ind1=" " ind2=" ">
    <subfield code="a">DLC</subfield>
    <subfield code="b">eng</subfield>
    <subfield code="c">DLC</subfield>
    <subfield code="d">CU-I</subfield>
  </datafield>
  <datafield tag="100" ind1="1" ind2=" ">
    <subfield code="a">Laloux, Michel</subfield>
  </datafield>
  <datafield tag="670" ind1=" " ind2=" ">
    <subfield code="a">Laloux, Michel. La démocratie évolutive, c2007:</subfield>
    <subfield code="b">t.p. (Michel Laloux) p. 4 of cover (economics professor and teacher of education)</subfield>
  </datafield>
  <datafield tag="953" ind1=" " ind2=" ">
    <subfield code="a">sb39</subfield>
  </datafield>
</record>