
<record>
  <leader>00668cz  a2200193n  4500</leader>
  <controlfield tag="001">7428491</controlfield>
  <controlfield tag="003">DLC</controlfield>
  <controlfield tag="005">20200104073312.0</controlfield>
  <controlfield tag="008">080211n| azannaabn          |a aaa      </controlfield>
  <datafield tag="010" ind1=" " ind2=" ">
    <subfield code="a">n 2008010119</subfield>
    <subfield code="z">n 2005033217</subfield>
  </datafield>
  <datafield tag="035" ind1=" " ind2=" ">
    <subfield code="a">(OCoLC)oca07658208</subfield>
  </datafield>
  <datafield tag="040" ind1=" " ind2=" ">
    <subfield code="a">DLC</subfield>
    <subfield code="b">eng</subfield>
    <subfield code="e">rda</subfield>
    <subfield code="c">DLC</subfield>
    <subfield code="d">DLC</subfield>
    <subfield code="d">MH</subfield>
  </datafield>
  <datafield tag="100" ind1="1" ind2=" ">
    <subfield code="a">D&apos;India, Sigismondo,</subfield>
    <subfield code="d">approximately 1580-1629.</subfield>
    <subfield code="t">Musiche,</subfield>
    <subfield code="n">libro 1o.</subfield>
    <subfield code="k">Selections</subfield>
  </datafield>
  <datafield tag="381" ind1=" " ind2=" ">
    <subfield code="a">Selections</subfield>
  </datafield>
  <datafield tag="400" ind1="1" ind2=" ">
    <subfield code="w">nnea</subfield>
    <subfield code="a">D&apos;India, Sigismondo,</subfield>
    <subfield code="d">ca. 1580-1629.</subfield>
    <subfield code="t">Musiche,</subfield>
    <subfield code="n">libro 1o.</subfield>
    <subfield code="k">Selections</subfield>
  </datafield>
  <datafield tag="670" ind1=" " ind2=" ">
    <subfield code="a">Matteuzzi, William. Dolci miei sospiri, p2006</subfield>
  </datafield>
  <datafield tag="670" ind1=" " ind2=" ">
    <subfield code="a">D&apos;India. Musich, libro 1o</subfield>
  </datafield>
  <datafield tag="670" ind1=" " ind2=" ">
    <subfield code="a">Le monde etrange de Sigismondo d&apos;India, 1985?</subfield>
  </datafield>
  <datafield tag="953" ind1=" " ind2=" ">
    <subfield code="a">vk79</subfield>
  </datafield>
</record>