
<record>
  <leader>01978cz  a2200373n  4500</leader>
  <controlfield tag="001">7485520</controlfield>
  <controlfield tag="003">DLC</controlfield>
  <controlfield tag="005">20200104073312.0</controlfield>
  <controlfield tag="008">080220n| azannaabn          |b aaa     c</controlfield>
  <datafield tag="010" ind1=" " ind2=" ">
    <subfield code="a">no2008043416</subfield>
  </datafield>
  <datafield tag="035" ind1=" " ind2=" ">
    <subfield code="a">(OCoLC)oca07709076</subfield>
  </datafield>
  <datafield tag="040" ind1=" " ind2=" ">
    <subfield code="a">HkUST</subfield>
    <subfield code="b">eng</subfield>
    <subfield code="e">rda</subfield>
    <subfield code="c">HkUST</subfield>
    <subfield code="d">OCoLC</subfield>
    <subfield code="d">CMalG</subfield>
    <subfield code="d">DcWaGWGG</subfield>
  </datafield>
  <datafield tag="046" ind1=" " ind2=" ">
    <subfield code="f">1960-04-29</subfield>
    <subfield code="2">edtf</subfield>
  </datafield>
  <datafield tag="100" ind1="1" ind2=" ">
    <subfield code="a">Ding, Ning,</subfield>
    <subfield code="d">1960-</subfield>
  </datafield>
  <datafield tag="370" ind1=" " ind2=" ">
    <subfield code="a">Ningbo Shi (China)</subfield>
    <subfield code="2">naf</subfield>
  </datafield>
  <datafield tag="372" ind1=" " ind2=" ">
    <subfield code="a">Art--History</subfield>
    <subfield code="2">lcsh</subfield>
  </datafield>
  <datafield tag="373" ind1=" " ind2=" ">
    <subfield code="a">Zhongguo mei shu xue yuan</subfield>
    <subfield code="2">naf</subfield>
    <subfield code="s">1989</subfield>
    <subfield code="t">2000</subfield>
  </datafield>
  <datafield tag="373" ind1=" " ind2=" ">
    <subfield code="a">Beijing da xue</subfield>
    <subfield code="2">naf</subfield>
    <subfield code="s">2000</subfield>
  </datafield>
  <datafield tag="373" ind1=" " ind2=" ">
    <subfield code="a">Zhongguo mei shu jia xie hui</subfield>
    <subfield code="2">naf</subfield>
  </datafield>
  <datafield tag="374" ind1=" " ind2=" ">
    <subfield code="a">College teachers</subfield>
    <subfield code="2">lcsh</subfield>
  </datafield>
  <datafield tag="375" ind1=" " ind2=" ">
    <subfield code="a">Males</subfield>
    <subfield code="2">lcdgt</subfield>
  </datafield>
  <datafield tag="377" ind1=" " ind2=" ">
    <subfield code="a">chi</subfield>
  </datafield>
  <datafield tag="400" ind1="1" ind2=" ">
    <subfield code="a">丁宁,</subfield>
    <subfield code="d">1960-</subfield>
  </datafield>
  <datafield tag="400" ind1="1" ind2=" ">
    <subfield code="a">丁寧,</subfield>
    <subfield code="d">1960-</subfield>
  </datafield>
  <datafield tag="667" ind1=" " ind2=" ">
    <subfield code="a">Machine-derived non-Latin script reference project.</subfield>
  </datafield>
  <datafield tag="667" ind1=" " ind2=" ">
    <subfield code="a">Non-Latin script references not evaluated.</subfield>
  </datafield>
  <datafield tag="667" ind1=" " ind2=" ">
    <subfield code="a">Non-Latin script references reviewed in NACO CJK Funnel References Project.</subfield>
  </datafield>
  <datafield tag="670" ind1=" " ind2=" ">
    <subfield code="a">Yi shu de shen du, 1999:</subfield>
    <subfield code="b">t.p. (Ning Ding)</subfield>
  </datafield>
  <datafield tag="670" ind1=" " ind2=" ">
    <subfield code="a">Dou ban WWW site, Feb. 20, 2008</subfield>
    <subfield code="b">(Ding Ning; b. Apr. 1960; native of Zhejiang Sheng Ningbo Shi; Ph.D. in literature, Beijing shi fan da xue; prof., Zhongguo mei shu xue yuan mei shu shi xi; authored Jie shou zhi wei, Mei shu xin li xue, Chuan tong yu yu wang, etc.)</subfield>
  </datafield>
  <datafield tag="670" ind1=" " ind2=" ">
    <subfield code="a">Qing encounters, 2015:</subfield>
    <subfield code="b">ECIP post-chapter (professor and vice dean at the School of Arts, Peking University; he has written numerous books on art history)</subfield>
  </datafield>
  <datafield tag="670" ind1=" " ind2=" ">
    <subfield code="a">Email from publisher, February 11, 2015</subfield>
    <subfield code="b">(born April 29, 1960)</subfield>
  </datafield>
  <datafield tag="670" ind1=" " ind2=" ">
    <subfield code="a">OCLC, Dec. 29, 2019</subfield>
    <subfield code="b">(access point: 丁宁 = Ding, Ning; usage: 丁宁 = Ding Ning)</subfield>
  </datafield>
  <datafield tag="670" ind1=" " ind2=" ">
    <subfield code="a">Bai du bai ke, Dec. 29, 2019:</subfield>
    <subfield code="b">(丁宁 = Ding Ning; born in Ningbo, Zhejiang; professor of yi shu xue yuan, Beijing da xue since 2000, taught at Zhongguo mei shu xue yuan from 1989-2000; trustee of Zhongguo mei shu jia xie hui)</subfield>
  </datafield>
  <datafield tag="670" ind1=" " ind2=" ">
    <subfield code="a">OCLC #302788560, Jan. 3, 2020</subfield>
    <subfield code="b">(access point: 丁寧 = Ding, Ning; usage:丁寧 = Ding Ning)</subfield>
  </datafield>
</record>