
<record>
  <leader>00739cz  a2200193n  4500</leader>
  <controlfield tag="001">7496681</controlfield>
  <controlfield tag="003">DLC</controlfield>
  <controlfield tag="005">20200104073313.0</controlfield>
  <controlfield tag="008">080401n| azannaabn          |n aaa     c</controlfield>
  <datafield tag="010" ind1=" " ind2=" ">
    <subfield code="a">no2008049568</subfield>
  </datafield>
  <datafield tag="035" ind1=" " ind2=" ">
    <subfield code="a">(OCoLC)oca07721179</subfield>
  </datafield>
  <datafield tag="040" ind1=" " ind2=" ">
    <subfield code="a">TxU-Mu</subfield>
    <subfield code="b">eng</subfield>
    <subfield code="e">rda</subfield>
    <subfield code="c">TxU-Mu</subfield>
    <subfield code="d">PPi-MA</subfield>
  </datafield>
  <datafield tag="046" ind1=" " ind2=" ">
    <subfield code="f">1970-12-24</subfield>
    <subfield code="2">edtf</subfield>
  </datafield>
  <datafield tag="100" ind1="1" ind2=" ">
    <subfield code="a">Donatien, David</subfield>
  </datafield>
  <datafield tag="370" ind1=" " ind2=" ">
    <subfield code="a">Martinique</subfield>
    <subfield code="c">France</subfield>
    <subfield code="2">naf</subfield>
  </datafield>
  <datafield tag="374" ind1=" " ind2=" ">
    <subfield code="a">Percussionists</subfield>
    <subfield code="a">Instrumentalists</subfield>
    <subfield code="a">Sound recording executives and producers</subfield>
    <subfield code="2">lcsh</subfield>
  </datafield>
  <datafield tag="375" ind1=" " ind2=" ">
    <subfield code="a">Males</subfield>
    <subfield code="2">lcdgt</subfield>
  </datafield>
  <datafield tag="670" ind1=" " ind2=" ">
    <subfield code="a">Naim, Y. Yael Naim [SR] p2007:</subfield>
    <subfield code="b">insert (David Donatien, percussion)</subfield>
  </datafield>
  <datafield tag="670" ind1=" " ind2=" ">
    <subfield code="a">French Wikipedia, January 3, 2020</subfield>
    <subfield code="b">(David Donatien; born December 24, 1970, Martinique; French multi-instrumentalist (percussion, drums) and producer)</subfield>
  </datafield>
</record>