
<record>
  <leader>00632cz  a2200157n  4500</leader>
  <controlfield tag="001">7587637</controlfield>
  <controlfield tag="003">DLC</controlfield>
  <controlfield tag="005">20200104073255.0</controlfield>
  <controlfield tag="008">080703n| azannaabn          |a ana      </controlfield>
  <datafield tag="010" ind1=" " ind2=" ">
    <subfield code="a">no2008097618</subfield>
  </datafield>
  <datafield tag="035" ind1=" " ind2=" ">
    <subfield code="a">(OCoLC)oca07811509</subfield>
  </datafield>
  <datafield tag="040" ind1=" " ind2=" ">
    <subfield code="a">DLC-S</subfield>
    <subfield code="b">eng</subfield>
    <subfield code="e">rda</subfield>
    <subfield code="c">DLC-S</subfield>
    <subfield code="d">DLC-S</subfield>
    <subfield code="d">MH</subfield>
  </datafield>
  <datafield tag="110" ind1="2" ind2=" ">
    <subfield code="a">Guru Gobind Singh Indraprastha University (Delhi, India).</subfield>
    <subfield code="b">University School of Law &amp; Legal Studies</subfield>
  </datafield>
  <datafield tag="410" ind1="2" ind2=" ">
    <subfield code="a">USLLS</subfield>
  </datafield>
  <datafield tag="410" ind1="2" ind2=" ">
    <subfield code="a">University School of Law &amp; Legal Studies</subfield>
  </datafield>
  <datafield tag="670" ind1=" " ind2=" ">
    <subfield code="a">Indraprastha technology law journal, Summer 2006:</subfield>
    <subfield code="b">t.p. (Guru Gobind Singh Indraprastha University, University School of Law &amp; Legal Studies) prelim. p. i (USLLS)</subfield>
  </datafield>
</record>