
<record>
  <leader>01061cz  a2200241n  4500</leader>
  <controlfield tag="001">7611222</controlfield>
  <controlfield tag="003">DLC</controlfield>
  <controlfield tag="005">20200104073255.0</controlfield>
  <controlfield tag="008">080730n| azannaabn          |a ana     c</controlfield>
  <datafield tag="010" ind1=" " ind2=" ">
    <subfield code="a">no2008109413</subfield>
  </datafield>
  <datafield tag="035" ind1=" " ind2=" ">
    <subfield code="a">(OCoLC)oca07834796</subfield>
  </datafield>
  <datafield tag="040" ind1=" " ind2=" ">
    <subfield code="a">NNMM</subfield>
    <subfield code="b">eng</subfield>
    <subfield code="e">rda</subfield>
    <subfield code="c">NNMM</subfield>
    <subfield code="d">NNC</subfield>
  </datafield>
  <datafield tag="046" ind1=" " ind2=" ">
    <subfield code="s">1886~</subfield>
    <subfield code="2">edtf</subfield>
  </datafield>
  <datafield tag="110" ind1="2" ind2=" ">
    <subfield code="a">Yandell Gallery</subfield>
  </datafield>
  <datafield tag="368" ind1=" " ind2=" ">
    <subfield code="a">Art galleries, Commercial</subfield>
    <subfield code="a">Antiques dealers</subfield>
    <subfield code="2">lcsh</subfield>
  </datafield>
  <datafield tag="370" ind1=" " ind2=" ">
    <subfield code="c">United States</subfield>
    <subfield code="e">New York (N.Y.)</subfield>
    <subfield code="2">naf</subfield>
  </datafield>
  <datafield tag="371" ind1=" " ind2=" ">
    <subfield code="a">140 Fifth Avenue</subfield>
    <subfield code="b">New York</subfield>
    <subfield code="c">NY</subfield>
  </datafield>
  <datafield tag="372" ind1=" " ind2=" ">
    <subfield code="a">Art--Exhibitions</subfield>
    <subfield code="a">Antiques business</subfield>
    <subfield code="a">Furniture</subfield>
    <subfield code="2">lcsh</subfield>
  </datafield>
  <datafield tag="377" ind1=" " ind2=" ">
    <subfield code="a">eng</subfield>
  </datafield>
  <datafield tag="410" ind1="2" ind2=" ">
    <subfield code="a">Charles R. Yandell &amp; Co.</subfield>
  </datafield>
  <datafield tag="670" ind1=" " ind2=" ">
    <subfield code="a">Society of American Artists, 1887 : Ninth Exhibition, Yandell Gallery, Fifth Ave. and Nineteenth Street [New York], c1887.</subfield>
  </datafield>
  <datafield tag="670" ind1=" " ind2=" ">
    <subfield code="a">S.W. cor. 5th Ave. &amp; 19th St. New York, NY. [Charles R. Yandell &amp; Co.], undated</subfield>
  </datafield>
  <datafield tag="670" ind1=" " ind2=" ">
    <subfield code="a">Roth, Leland M. The architecture of McKim, Mead &amp; White 1870-1920, 1978:</subfield>
    <subfield code="b">page 170 (Yandell, Charles R. &amp; Co.; antique and furniture gallery; 140 Fifth Avenue, New York, N.Y.; built 1886-1887; demolished)</subfield>
  </datafield>
</record>