
<record>
  <leader>02232cz  a2200253n  4500</leader>
  <controlfield tag="001">7652309</controlfield>
  <controlfield tag="003">DLC</controlfield>
  <controlfield tag="005">20200104073255.0</controlfield>
  <controlfield tag="008">080910n| azannaabn          |a aaa     c</controlfield>
  <datafield tag="010" ind1=" " ind2=" ">
    <subfield code="a">no2008132614</subfield>
  </datafield>
  <datafield tag="035" ind1=" " ind2=" ">
    <subfield code="a">(OCoLC)oca07875061</subfield>
  </datafield>
  <datafield tag="040" ind1=" " ind2=" ">
    <subfield code="a">MH</subfield>
    <subfield code="b">eng</subfield>
    <subfield code="e">rda</subfield>
    <subfield code="c">MH</subfield>
    <subfield code="d">MH</subfield>
    <subfield code="d">InNd</subfield>
    <subfield code="d">OU</subfield>
  </datafield>
  <datafield tag="046" ind1=" " ind2=" ">
    <subfield code="f">1904-08-16</subfield>
    <subfield code="g">1987-02-22</subfield>
    <subfield code="2">edtf</subfield>
  </datafield>
  <datafield tag="053" ind1=" " ind2="0">
    <subfield code="a">PT2609.S37</subfield>
  </datafield>
  <datafield tag="100" ind1="1" ind2=" ">
    <subfield code="a">Eschmann, Ernst Wilhelm,</subfield>
    <subfield code="d">1904-1987</subfield>
  </datafield>
  <datafield tag="370" ind1=" " ind2=" ">
    <subfield code="a">Berlin (Germany)</subfield>
    <subfield code="b">Munich (Germany)</subfield>
    <subfield code="2">naf</subfield>
  </datafield>
  <datafield tag="374" ind1=" " ind2=" ">
    <subfield code="a">Authors</subfield>
    <subfield code="a">Sociologists</subfield>
    <subfield code="a">Philosophers</subfield>
    <subfield code="a">College teachers</subfield>
    <subfield code="2">lcsh</subfield>
  </datafield>
  <datafield tag="375" ind1=" " ind2=" ">
    <subfield code="a">Males</subfield>
    <subfield code="2">lcdgt</subfield>
  </datafield>
  <datafield tag="400" ind1="0" ind2=" ">
    <subfield code="a">EWE,</subfield>
    <subfield code="d">1904-1987</subfield>
  </datafield>
  <datafield tag="500" ind1="1" ind2=" ">
    <subfield code="w">r</subfield>
    <subfield code="i">Alternate identity:</subfield>
    <subfield code="a">Dingräve, Leopold,</subfield>
    <subfield code="d">1904-1987</subfield>
  </datafield>
  <datafield tag="500" ind1="1" ind2=" ">
    <subfield code="w">r</subfield>
    <subfield code="i">Alternate identity:</subfield>
    <subfield code="a">Severus,</subfield>
    <subfield code="d">1904-1987</subfield>
  </datafield>
  <datafield tag="663" ind1=" " ind2=" ">
    <subfield code="a">For works of this author written under other names, search also under:</subfield>
    <subfield code="b">Dingräve, Leopold, 1904-1987;</subfield>
    <subfield code="b">Severus, 1904-1987</subfield>
  </datafield>
  <datafield tag="670" ind1=" " ind2=" ">
    <subfield code="a">Plöger, M. Frederik. Soziologie in totalitären Zeiten, c2007:</subfield>
    <subfield code="b">t.p. (Ernst Wilhelm Eschmann, 1904-1987) index (EWE)</subfield>
  </datafield>
  <datafield tag="670" ind1=" " ind2=" ">
    <subfield code="a">Wikidata via Wikipedia, January 3, 2020</subfield>
    <subfield code="b">(alias: Ernst Wilhelm Eschmann; VIAF identifier: 56432394; ISNI (P213): 0000000116481273; LCAuth identifier: no2008132614; GND identifier: 116569441; place of birth: Berlin; place of death: Munich; country of citizenship: Germany; instance of: human; date of birth: +1904-08-16T00:00:00Z; date of death: +1987-02-22T00:00:00Z; member of political party: Nazi Party; employer: University of Münster, Frederick William University, Humboldt University of Berlin; given name: Ernst; NTA identifier (Netherlands): 071720448; occupation: university teacher, writer; SNAC Ark ID (P3430): w6r929jd; BnF identifier: 16159619f; SHARE Catalogue author ID (P3987): 207154; languages spoken or published: German; BNE identifier: XX1259925; SUDOC authorities: 123229766; sex or gender: male; NKC identifier: jo2006324922; Commons category: Ernst Wilhelm Eschmann; description/label: deutscher Schriftsteller, Duits auteur, écrivain allemand, escriptor alemany, escritor alemán, escrivan alemand, German writer, professor académico alemão, Saksamaa kirjanik, scríbhneoir Gearmánach, scriitor german, shkrimtar gjerman, tysk professor, סופר גרמני)</subfield>
    <subfield code="u">http://www.wikidata.org/entity/Q104561</subfield>
  </datafield>
</record>