
<record>
  <leader>02039cz  a2200205n  4500</leader>
  <controlfield tag="001">7710064</controlfield>
  <controlfield tag="003">DLC</controlfield>
  <controlfield tag="005">20200104073258.0</controlfield>
  <controlfield tag="008">081110n| azannaabn          |n aaa     c</controlfield>
  <datafield tag="010" ind1=" " ind2=" ">
    <subfield code="a">no2008165833</subfield>
  </datafield>
  <datafield tag="035" ind1=" " ind2=" ">
    <subfield code="a">(OCoLC)oca07932460</subfield>
  </datafield>
  <datafield tag="040" ind1=" " ind2=" ">
    <subfield code="a">ULA</subfield>
    <subfield code="b">eng</subfield>
    <subfield code="e">rda</subfield>
    <subfield code="c">ULA</subfield>
    <subfield code="d">OU</subfield>
  </datafield>
  <datafield tag="046" ind1=" " ind2=" ">
    <subfield code="f">1909-07-13</subfield>
    <subfield code="g">1984-07</subfield>
    <subfield code="2">edtf</subfield>
  </datafield>
  <datafield tag="100" ind1="1" ind2=" ">
    <subfield code="a">Schmalenbach, Fritz,</subfield>
    <subfield code="d">1909-1984</subfield>
  </datafield>
  <datafield tag="370" ind1=" " ind2=" ">
    <subfield code="a">Cologne (Germany)</subfield>
    <subfield code="b">Lübeck (Germany)</subfield>
    <subfield code="2">naf</subfield>
  </datafield>
  <datafield tag="374" ind1=" " ind2=" ">
    <subfield code="a">Art historians</subfield>
    <subfield code="a">Museum directors</subfield>
    <subfield code="2">lcsh</subfield>
  </datafield>
  <datafield tag="375" ind1=" " ind2=" ">
    <subfield code="a">Males</subfield>
    <subfield code="2">lcdgt</subfield>
  </datafield>
  <datafield tag="670" ind1=" " ind2=" ">
    <subfield code="a">Oskar Kokoschka, c1967:</subfield>
    <subfield code="b">t.p. (Fritz Schmalenbach)</subfield>
  </datafield>
  <datafield tag="670" ind1=" " ind2=" ">
    <subfield code="a">OCLC, Sept. 23, 2008</subfield>
    <subfield code="b">(hdg.: Schmalenbach, Fritz, 1909- ; usage: Fritz Schmalenbach)</subfield>
  </datafield>
  <datafield tag="670" ind1=" " ind2=" ">
    <subfield code="a">Wikidata via Wikipedia, January 3, 2020</subfield>
    <subfield code="b">(alias: Fritz Schmalenbach; date of birth: +1909-07-13T00:00:00Z; GND identifier: 143437704; LCAuth identifier: no2008165833; VIAF identifier: 64523217; instance of: human; sex or gender: male; country of citizenship: Germany; occupation: art historian, university teacher; date of death: +1984-07-01T00:00:00Z; employer: University of Kiel; given name: Fritz; NTA identifier (Netherlands): 070380295; place of death: Lübeck; place of birth: Cologne; ISNI (P213): 0000000115403767; NLI (Israel) identifier: 000117927; NLP identifier: A29083229; PTBNP identifier: 87196; Dictionary of Art Historians ID (P2332): schmalenbachf; languages spoken or published: German; NKC identifier: xx0069934; NUKAT authorities: n2006072603; BIBSYS identifier: 19496; surname: Schmalenbach; archINFORM person or group ID (P5508): 59667; SUDOC authorities: 074442813; position held: museum director; description/label: deutscher Kunsthistoriker, Duits kunsthistoricus , German art historian, historiador da arte alemán, historiador de l&apos;art alemany, historiador del arte alemán, historian gjerman i artit, historien de l&apos;art allemand, istoric al artei german, professor académico alemão, Saksamaa kunstiajaloolane, tysk professor, היסטוריון אמנות גרמני, مؤرخ فن ألماني)</subfield>
    <subfield code="u">http://www.wikidata.org/entity/Q15438793</subfield>
  </datafield>
</record>