
<record>
  <leader>00689cz  a2200193n  4500</leader>
  <controlfield tag="001">7713423</controlfield>
  <controlfield tag="003">DLC</controlfield>
  <controlfield tag="005">20200104073258.0</controlfield>
  <controlfield tag="008">081113n| azannaabn          |n aaa      </controlfield>
  <datafield tag="010" ind1=" " ind2=" ">
    <subfield code="a">nb2008024392</subfield>
  </datafield>
  <datafield tag="035" ind1=" " ind2=" ">
    <subfield code="a">(OCoLC)oca07938418</subfield>
  </datafield>
  <datafield tag="040" ind1=" " ind2=" ">
    <subfield code="a">Uk</subfield>
    <subfield code="b">eng</subfield>
    <subfield code="e">rda</subfield>
    <subfield code="c">Uk</subfield>
    <subfield code="d">PSt</subfield>
  </datafield>
  <datafield tag="100" ind1="1" ind2=" ">
    <subfield code="a">Zhang, Jiujun</subfield>
  </datafield>
  <datafield tag="372" ind1=" " ind2=" ">
    <subfield code="a">Fuel cells</subfield>
    <subfield code="2">lcsh</subfield>
  </datafield>
  <datafield tag="373" ind1=" " ind2=" ">
    <subfield code="a">Shanghai da xue</subfield>
    <subfield code="2">naf</subfield>
  </datafield>
  <datafield tag="374" ind1=" " ind2=" ">
    <subfield code="a">College teachers</subfield>
    <subfield code="2">lcsh</subfield>
  </datafield>
  <datafield tag="377" ind1=" " ind2=" ">
    <subfield code="a">eng</subfield>
    <subfield code="a">chi</subfield>
  </datafield>
  <datafield tag="670" ind1=" " ind2=" ">
    <subfield code="a">PEM fuel cell electrocatalysts and catalyst layers, c2008:</subfield>
    <subfield code="b">t.p. (Jiujun Zhang)</subfield>
  </datafield>
  <datafield tag="670" ind1=" " ind2=" ">
    <subfield code="a">Redox flow batteries, 2018:</subfield>
    <subfield code="b">title page (Jiujun Zhang) page ix (professor and dean in the College of Sciences/Institute for Sustainable Energy at Shanghai University)</subfield>
  </datafield>
</record>