
<record>
  <leader>00869cz  a2200217n  4500</leader>
  <controlfield tag="001">7731615</controlfield>
  <controlfield tag="003">DLC</controlfield>
  <controlfield tag="005">20200104073258.0</controlfield>
  <controlfield tag="008">081202n| acannaabn          |b aaa     c</controlfield>
  <datafield tag="010" ind1=" " ind2=" ">
    <subfield code="a">no2008178395</subfield>
  </datafield>
  <datafield tag="035" ind1=" " ind2=" ">
    <subfield code="a">(OCoLC)oca07953605</subfield>
  </datafield>
  <datafield tag="040" ind1=" " ind2=" ">
    <subfield code="a">TxAuUME</subfield>
    <subfield code="b">eng</subfield>
    <subfield code="c">TxAuUME</subfield>
    <subfield code="d">DLC</subfield>
    <subfield code="d">CU-I</subfield>
  </datafield>
  <datafield tag="100" ind1="1" ind2=" ">
    <subfield code="a">Barīdī, ʻAbd Allāh</subfield>
  </datafield>
  <datafield tag="370" ind1=" " ind2=" ">
    <subfield code="c">Saudi Arabia</subfield>
  </datafield>
  <datafield tag="373" ind1=" " ind2=" ">
    <subfield code="a">Qassim University, Saudi Arabia</subfield>
  </datafield>
  <datafield tag="400" ind1="1" ind2=" ">
    <subfield code="a">Beraidi, Abdullah</subfield>
  </datafield>
  <datafield tag="400" ind1="1" ind2=" ">
    <subfield code="a">بريدي, عبد الله</subfield>
  </datafield>
  <datafield tag="400" ind1="0" ind2=" ">
    <subfield code="a">عبد الله البريدي</subfield>
  </datafield>
  <datafield tag="667" ind1=" " ind2=" ">
    <subfield code="a">Non-latin script references not evaluated.</subfield>
  </datafield>
  <datafield tag="670" ind1=" " ind2=" ">
    <subfield code="a">al-Salafīyah wa-al-lībrālīyah, 2008:</subfield>
    <subfield code="b">t.p. (عبد الله البريدي = ʻAbd Allāh al-Barīdī)</subfield>
  </datafield>
  <datafield tag="670" ind1=" " ind2=" ">
    <subfield code="a">http://srd.edu.sa/Public/showPublications.aspx?ResearcherID=603&amp;Lang=ar-SA viewed Feb.1, 2018</subfield>
    <subfield code="b">(Abdullah Al-Beraidi; professor at Qassim University, Saudi Arabia)</subfield>
  </datafield>
</record>