
<record>
  <leader>01140cz  a2200277n  4500</leader>
  <controlfield tag="001">7737000</controlfield>
  <controlfield tag="003">DLC</controlfield>
  <controlfield tag="005">20200104073259.0</controlfield>
  <controlfield tag="008">081209n| azannaabn          |a aaa      </controlfield>
  <datafield tag="010" ind1=" " ind2=" ">
    <subfield code="a">n 2008082532</subfield>
  </datafield>
  <datafield tag="016" ind1=" " ind2=" ">
    <subfield code="a">1022H9100E</subfield>
  </datafield>
  <datafield tag="035" ind1=" " ind2=" ">
    <subfield code="a">(OCoLC)oca07960953</subfield>
  </datafield>
  <datafield tag="040" ind1=" " ind2=" ">
    <subfield code="a">DLC</subfield>
    <subfield code="b">eng</subfield>
    <subfield code="e">rda</subfield>
    <subfield code="c">DLC</subfield>
    <subfield code="d">DLC</subfield>
    <subfield code="d">IAhCCS</subfield>
    <subfield code="d">DLC</subfield>
    <subfield code="d">IEN</subfield>
    <subfield code="d">CaOONL</subfield>
  </datafield>
  <datafield tag="042" ind1=" " ind2=" ">
    <subfield code="a">nlc</subfield>
  </datafield>
  <datafield tag="046" ind1=" " ind2=" ">
    <subfield code="f">1979</subfield>
    <subfield code="2">edtf</subfield>
  </datafield>
  <datafield tag="053" ind1=" " ind2="0">
    <subfield code="a">PR9199.4.M3347</subfield>
  </datafield>
  <datafield tag="053" ind1=" " ind2="4">
    <subfield code="a">PS8626.A5198</subfield>
    <subfield code="5">CaOONL</subfield>
  </datafield>
  <datafield tag="100" ind1="1" ind2=" ">
    <subfield code="a">Mandel, Emily St. John,</subfield>
    <subfield code="d">1979-</subfield>
  </datafield>
  <datafield tag="370" ind1=" " ind2=" ">
    <subfield code="a">British Columbia</subfield>
    <subfield code="c">Canada</subfield>
    <subfield code="e">Brooklyn (New York, N.Y.)</subfield>
    <subfield code="2">naf</subfield>
  </datafield>
  <datafield tag="375" ind1=" " ind2=" ">
    <subfield code="a">Females</subfield>
    <subfield code="2">lcdgt</subfield>
  </datafield>
  <datafield tag="377" ind1=" " ind2=" ">
    <subfield code="a">eng</subfield>
  </datafield>
  <datafield tag="400" ind1="1" ind2=" ">
    <subfield code="a">John Mandel, Emily St.,</subfield>
    <subfield code="d">1979-</subfield>
  </datafield>
  <datafield tag="400" ind1="1" ind2=" ">
    <subfield code="w">nne</subfield>
    <subfield code="a">St. John Mandel, Emily,</subfield>
    <subfield code="d">1979-</subfield>
  </datafield>
  <datafield tag="670" ind1=" " ind2=" ">
    <subfield code="a">Last night in Montreal, 2009:</subfield>
    <subfield code="b">E-Cip t.p. (Emily St. John Mandel) data view (b. 1979, British Columbia, Canada; lives in Brooklyn, NY)</subfield>
  </datafield>
  <datafield tag="670" ind1=" " ind2=" ">
    <subfield code="a">The author&apos;s website, viewed May 1, 2014</subfield>
    <subfield code="b">(Emily St. John Mandel; St. John&apos;s my middle name. The books go under M)</subfield>
    <subfield code="u">http://www.emilymandel.com/bio.html</subfield>
  </datafield>
  <datafield tag="670" ind1=" " ind2=" ">
    <subfield code="a">Canadiana, January 2, 2020</subfield>
    <subfield code="b">(heading: Mandel, Emily St. John, 1979-; variant: St. John Mandel, Emily, 1979-; Canadian)</subfield>
  </datafield>
</record>