
<record>
  <leader>00352cz  a2200133n  4500</leader>
  <controlfield tag="001">7740714</controlfield>
  <controlfield tag="003">DLC</controlfield>
  <controlfield tag="005">20200104073259.0</controlfield>
  <controlfield tag="008">081211n| azannaabn          |n aaa     c</controlfield>
  <datafield tag="010" ind1=" " ind2=" ">
    <subfield code="a">no2008183484</subfield>
  </datafield>
  <datafield tag="035" ind1=" " ind2=" ">
    <subfield code="a">(OCoLC)oca07962946</subfield>
  </datafield>
  <datafield tag="040" ind1=" " ind2=" ">
    <subfield code="a">TxU-Mu</subfield>
    <subfield code="b">eng</subfield>
    <subfield code="e">rda</subfield>
    <subfield code="c">TxU-Mu</subfield>
    <subfield code="d">WaBeWWUM</subfield>
  </datafield>
  <datafield tag="100" ind1="1" ind2=" ">
    <subfield code="a">Lemos, Fafa</subfield>
  </datafield>
  <datafield tag="670" ind1=" " ind2=" ">
    <subfield code="a">His Dinner in Rio [SR] 1954:</subfield>
    <subfield code="b">label (Fafa Lemos)</subfield>
  </datafield>
</record>