
<record>
  <leader>01149cz  a2200253n  4500</leader>
  <controlfield tag="001">7806169</controlfield>
  <controlfield tag="003">DLC</controlfield>
  <controlfield tag="005">20200104051026.0</controlfield>
  <controlfield tag="008">090225n| azannaabn          |a aaa     c</controlfield>
  <datafield tag="010" ind1=" " ind2=" ">
    <subfield code="a">no2009029443</subfield>
  </datafield>
  <datafield tag="035" ind1=" " ind2=" ">
    <subfield code="a">(OCoLC)oca08026866</subfield>
  </datafield>
  <datafield tag="035" ind1=" " ind2=" ">
    <subfield code="a">(Uk)007376354</subfield>
  </datafield>
  <datafield tag="040" ind1=" " ind2=" ">
    <subfield code="a">CCSC</subfield>
    <subfield code="b">eng</subfield>
    <subfield code="e">rda</subfield>
    <subfield code="c">CCSC</subfield>
    <subfield code="d">ICrlF</subfield>
    <subfield code="d">Uk</subfield>
  </datafield>
  <datafield tag="100" ind1="1" ind2=" ">
    <subfield code="a">Holmes, Tom</subfield>
    <subfield code="q">(Thomas R.)</subfield>
  </datafield>
  <datafield tag="370" ind1=" " ind2=" ">
    <subfield code="e">Kalamazoo (Mich.)</subfield>
    <subfield code="2">naf</subfield>
  </datafield>
  <datafield tag="372" ind1=" " ind2=" ">
    <subfield code="a">Psychology</subfield>
    <subfield code="2">lcsh</subfield>
  </datafield>
  <datafield tag="374" ind1=" " ind2=" ">
    <subfield code="a">Psychologists</subfield>
    <subfield code="2">lcsh</subfield>
  </datafield>
  <datafield tag="375" ind1=" " ind2=" ">
    <subfield code="a">Males</subfield>
    <subfield code="2">lcdgt</subfield>
  </datafield>
  <datafield tag="377" ind1=" " ind2=" ">
    <subfield code="a">eng</subfield>
  </datafield>
  <datafield tag="378" ind1=" " ind2=" ">
    <subfield code="q">Thomas R.</subfield>
  </datafield>
  <datafield tag="400" ind1="1" ind2=" ">
    <subfield code="a">Holmes, T. R.</subfield>
  </datafield>
  <datafield tag="670" ind1=" " ind2=" ">
    <subfield code="a">Parts work, c2007:</subfield>
    <subfield code="b">t.p. (Tom Holmes) p. [126] (Professor emeritus at Western Michigan University, trainer of graduate students in psychotherapy)</subfield>
  </datafield>
  <datafield tag="670" ind1=" " ind2=" ">
    <subfield code="a">LinkedIn, Dec. 20, 2019 :</subfield>
    <subfield code="b">(Tom Holmes ; Psychologist, workshop leader, author. Professor emeritus at Western Michigan University. From Kalamazoo, Michigan area.)</subfield>
  </datafield>
  <datafield tag="670" ind1=" " ind2=" ">
    <subfield code="a">Wingedheart website, Dec. 20, 2019 :</subfield>
    <subfield code="b">(Tom Holmes ; Professor emeritus at Western Michigan University. &quot;Publications by Dr. Thomas Holmes, Ph.D. Professor emeritus, Western Michigan University&quot; lists him as Holmes, Thomas R. and also as Holmes, T. R.)</subfield>
  </datafield>
</record>