
<record>
  <leader>01119cz  a2200241n  4500</leader>
  <controlfield tag="001">7824094</controlfield>
  <controlfield tag="003">DLC</controlfield>
  <controlfield tag="005">20200104073453.0</controlfield>
  <controlfield tag="008">090312n| azannaabn          |a ana     c</controlfield>
  <datafield tag="010" ind1=" " ind2=" ">
    <subfield code="a">no2009038765</subfield>
  </datafield>
  <datafield tag="035" ind1=" " ind2=" ">
    <subfield code="a">(OCoLC)oca08043936</subfield>
  </datafield>
  <datafield tag="040" ind1=" " ind2=" ">
    <subfield code="a">CLU</subfield>
    <subfield code="b">eng</subfield>
    <subfield code="e">rda</subfield>
    <subfield code="c">CLU</subfield>
    <subfield code="d">NNC</subfield>
  </datafield>
  <datafield tag="046" ind1=" " ind2=" ">
    <subfield code="s">1996</subfield>
    <subfield code="2">edtf</subfield>
  </datafield>
  <datafield tag="110" ind1="2" ind2=" ">
    <subfield code="a">Naučnoistraživački institut &quot;Ibn Sina&quot;</subfield>
  </datafield>
  <datafield tag="368" ind1=" " ind2=" ">
    <subfield code="a">Research institutes</subfield>
    <subfield code="2">lcsh</subfield>
  </datafield>
  <datafield tag="370" ind1=" " ind2=" ">
    <subfield code="e">Sarajevo (Bosnia and Herzegovina)</subfield>
    <subfield code="2">naf</subfield>
  </datafield>
  <datafield tag="377" ind1=" " ind2=" ">
    <subfield code="a">bos</subfield>
  </datafield>
  <datafield tag="410" ind1="2" ind2=" ">
    <subfield code="a">Naučno istraživački institut &quot;Ibn Sina&quot;</subfield>
  </datafield>
  <datafield tag="410" ind1="2" ind2=" ">
    <subfield code="a">&quot;Ibn Sina&quot; naučno istraživački institut Sarajevo</subfield>
  </datafield>
  <datafield tag="410" ind1="2" ind2=" ">
    <subfield code="a">Scientific-Researches Institute &quot;Ibn Sina&quot;</subfield>
  </datafield>
  <datafield tag="410" ind1="2" ind2=" ">
    <subfield code="a">&quot;Ibn Sina&quot; Acadeimic Research Institute</subfield>
  </datafield>
  <datafield tag="670" ind1=" " ind2=" ">
    <subfield code="a">Znakovi vremena, Proljeće/ljeto 1997:</subfield>
    <subfield code="b">t.p. (Naučnoistraživački institut &quot;Ibn Sina&quot;) p. 4 of cover (Scientific-Researches Institute &quot;Ibn Sina&quot;); proljeće 2001:p. 4 of cover (&apos;Ibn Sina&apos; Acadeimic Research Institute)</subfield>
  </datafield>
  <datafield tag="670" ind1=" " ind2=" ">
    <subfield code="a">Its WWW home page, viewed Mar. 12, 2009</subfield>
    <subfield code="b">nama p. (Naučnoistraživački institut &quot;Ibn Sina&quot;; Ibn Sina naučno istraživački institut Sarajevo; est. 1996)</subfield>
  </datafield>
</record>