
<record>
  <leader>00507cz  a2200181n  4500</leader>
  <controlfield tag="001">7867189</controlfield>
  <controlfield tag="003">DLC</controlfield>
  <controlfield tag="005">20200104073454.0</controlfield>
  <controlfield tag="008">090422n| azannaabn          |n aaa     c</controlfield>
  <datafield tag="010" ind1=" " ind2=" ">
    <subfield code="a">no2009063125</subfield>
  </datafield>
  <datafield tag="035" ind1=" " ind2=" ">
    <subfield code="a">(OCoLC)oca08085985</subfield>
  </datafield>
  <datafield tag="040" ind1=" " ind2=" ">
    <subfield code="a">CU-S</subfield>
    <subfield code="b">eng</subfield>
    <subfield code="e">rda</subfield>
    <subfield code="c">CU-S</subfield>
    <subfield code="d">DLC</subfield>
    <subfield code="d">UPB</subfield>
    <subfield code="d">OOC</subfield>
  </datafield>
  <datafield tag="100" ind1="1" ind2=" ">
    <subfield code="a">Richter, Bernard</subfield>
  </datafield>
  <datafield tag="370" ind1=" " ind2=" ">
    <subfield code="c">Switzerland</subfield>
    <subfield code="2">naf</subfield>
  </datafield>
  <datafield tag="374" ind1=" " ind2=" ">
    <subfield code="a">Tenors (Singers)</subfield>
    <subfield code="2">lcsh</subfield>
  </datafield>
  <datafield tag="375" ind1=" " ind2=" ">
    <subfield code="a">Males</subfield>
    <subfield code="2">lcdgt</subfield>
  </datafield>
  <datafield tag="670" ind1=" " ind2=" ">
    <subfield code="a">Haydn, J. Acide, 2009, p2008:</subfield>
    <subfield code="b">label (Bernard Richter) insert (Swiss tenor)</subfield>
  </datafield>
  <datafield tag="953" ind1=" " ind2=" ">
    <subfield code="b">qr06</subfield>
  </datafield>
</record>