
<record>
  <leader>00764cz  a2200169n  4500</leader>
  <controlfield tag="001">8055284</controlfield>
  <controlfield tag="003">DLC</controlfield>
  <controlfield tag="005">20200104073259.0</controlfield>
  <controlfield tag="008">091015n| acannaabn          |n aaa      </controlfield>
  <datafield tag="010" ind1=" " ind2=" ">
    <subfield code="a">n 2009066001</subfield>
  </datafield>
  <datafield tag="035" ind1=" " ind2=" ">
    <subfield code="a">(OCoLC)oca08274087</subfield>
  </datafield>
  <datafield tag="040" ind1=" " ind2=" ">
    <subfield code="a">DLC</subfield>
    <subfield code="b">eng</subfield>
    <subfield code="c">DLC</subfield>
    <subfield code="d">InU</subfield>
  </datafield>
  <datafield tag="100" ind1="1" ind2=" ">
    <subfield code="a">Bates, John,</subfield>
    <subfield code="d">1946-</subfield>
  </datafield>
  <datafield tag="667" ind1=" " ind2=" ">
    <subfield code="a">Formerly on undifferentiated name record: n  82003813</subfield>
  </datafield>
  <datafield tag="670" ind1=" " ind2=" ">
    <subfield code="a">Promoting workplace well-being, 2009:</subfield>
    <subfield code="b">ECIP t.p. (John Bates) data view (b. Sept. 19, 1946) galley (Ed. D.; associate professor and the head of Department of Social Work, Care and Justice at Liverpool Hope University)</subfield>
  </datafield>
  <datafield tag="670" ind1=" " ind2=" ">
    <subfield code="a">Protecting children, c1997:</subfield>
    <subfield code="b">t.p. (John Bates) p. 3 of cover (Senior lecturer in Social Work at North East Wales Institute of Higher Education)</subfield>
  </datafield>
  <datafield tag="953" ind1=" " ind2=" ">
    <subfield code="a">re10</subfield>
  </datafield>
</record>