
<record>
  <leader>01210cz  a2200217n  4500</leader>
  <controlfield tag="001">8144633</controlfield>
  <controlfield tag="003">DLC</controlfield>
  <controlfield tag="005">20200104073259.0</controlfield>
  <controlfield tag="008">100114n| azannaabn          |a aaa      </controlfield>
  <datafield tag="010" ind1=" " ind2=" ">
    <subfield code="a">n 2010003038</subfield>
  </datafield>
  <datafield tag="035" ind1=" " ind2=" ">
    <subfield code="a">(OCoLC)oca08362293</subfield>
  </datafield>
  <datafield tag="040" ind1=" " ind2=" ">
    <subfield code="a">DLC</subfield>
    <subfield code="b">eng</subfield>
    <subfield code="c">DLC</subfield>
    <subfield code="d">DLC</subfield>
    <subfield code="e">rda</subfield>
    <subfield code="d">IAhCCS</subfield>
  </datafield>
  <datafield tag="046" ind1=" " ind2=" ">
    <subfield code="f">1944-05-21</subfield>
    <subfield code="2">edtf</subfield>
  </datafield>
  <datafield tag="100" ind1="0" ind2=" ">
    <subfield code="a">Blinky,</subfield>
    <subfield code="d">1944-</subfield>
  </datafield>
  <datafield tag="400" ind1="1" ind2=" ">
    <subfield code="w">nne</subfield>
    <subfield code="a">Williams, Blinky</subfield>
  </datafield>
  <datafield tag="400" ind1="1" ind2=" ">
    <subfield code="a">Williams, Sondra,</subfield>
    <subfield code="d">1944-</subfield>
  </datafield>
  <datafield tag="670" ind1=" " ind2=" ">
    <subfield code="a">Sammy Davis Jr. show, 1973</subfield>
    <subfield code="b">DLC copy theater program, John F. Kennedy Center performance (added attraction Blinky Williams)</subfield>
  </datafield>
  <datafield tag="670" ind1=" " ind2=" ">
    <subfield code="a">Wikipedia article, accessed Jan. 14, 2010</subfield>
    <subfield code="b">(Blinky (singer); Sondra Blinky Williams; Birth name  Sondra Williams; Born: Stockton, Calif.; Sondra &quot;Blinky&quot; Williams had grown up in Los Angeles the daughter of a pastor, and she had been active in church choirs since the age of six)</subfield>
  </datafield>
  <datafield tag="670" ind1=" " ind2=" ">
    <subfield code="a">Wikipedia, viewed Jan. 3, 2020</subfield>
    <subfield code="b">(Sondra &quot;Blinky&quot; Williams (born May 21, 1944) is an American R&amp;B and soul singer-songwriter, probably best known for singing the female lead on the theme for the 1970s TV series Good Times)</subfield>
    <subfield code="u">https://en.wikipedia.org/wiki/Blinky_%28singer%29</subfield>
  </datafield>
  <datafield tag="670" ind1=" " ind2=" ">
    <subfield code="a">Heart full of soul, p2019:</subfield>
    <subfield code="b">label (Blinky)</subfield>
  </datafield>
  <datafield tag="953" ind1=" " ind2=" ">
    <subfield code="a">he11</subfield>
    <subfield code="b">td03</subfield>
  </datafield>
</record>