
<record>
  <leader>00987cz  a2200253n  4500</leader>
  <controlfield tag="001">8153446</controlfield>
  <controlfield tag="003">DLC</controlfield>
  <controlfield tag="005">20200104073301.0</controlfield>
  <controlfield tag="008">100122n| azannaabn          |a aaa      </controlfield>
  <datafield tag="010" ind1=" " ind2=" ">
    <subfield code="a">n 2010004916</subfield>
  </datafield>
  <datafield tag="016" ind1=" " ind2=" ">
    <subfield code="a">1006K7214E</subfield>
  </datafield>
  <datafield tag="035" ind1=" " ind2=" ">
    <subfield code="a">(OCoLC)oca08370859</subfield>
  </datafield>
  <datafield tag="040" ind1=" " ind2=" ">
    <subfield code="a">DLC</subfield>
    <subfield code="b">eng</subfield>
    <subfield code="e">rda</subfield>
    <subfield code="c">DLC</subfield>
    <subfield code="d">NNU-L</subfield>
    <subfield code="d">DLC</subfield>
    <subfield code="d">CaOONL</subfield>
  </datafield>
  <datafield tag="042" ind1=" " ind2=" ">
    <subfield code="a">nlc</subfield>
  </datafield>
  <datafield tag="100" ind1="1" ind2=" ">
    <subfield code="a">Brooks, Kim</subfield>
  </datafield>
  <datafield tag="373" ind1=" " ind2=" ">
    <subfield code="a">Schulich School of Law</subfield>
    <subfield code="s">2010-07</subfield>
  </datafield>
  <datafield tag="374" ind1=" " ind2=" ">
    <subfield code="a">Professor of law</subfield>
    <subfield code="a">Lawyer</subfield>
  </datafield>
  <datafield tag="375" ind1=" " ind2=" ">
    <subfield code="a">female</subfield>
  </datafield>
  <datafield tag="377" ind1=" " ind2=" ">
    <subfield code="a">eng</subfield>
  </datafield>
  <datafield tag="400" ind1="1" ind2=" ">
    <subfield code="a">Brooks, Kim</subfield>
    <subfield code="q">(Kimberly)</subfield>
  </datafield>
  <datafield tag="670" ind1=" " ind2=" ">
    <subfield code="a">Justice Bertha Wilson, c2009:</subfield>
    <subfield code="b">t.p. (Kim Brooks)</subfield>
  </datafield>
  <datafield tag="670" ind1=" " ind2=" ">
    <subfield code="a">Dalhousie Schulich School of Law WWW site, searched June 21, 2011:</subfield>
    <subfield code="b">faculty biography (Kim Brooks; Dean, Dalhousie Univ. Schulich School of Law; LL.M., Osgoode; LL.B., U.B.C.; dean since July 2010; formerly a tax lawyer)</subfield>
  </datafield>
  <datafield tag="670" ind1=" " ind2=" ">
    <subfield code="a">Martindale.com lawyer locator WWW site, searched June 21, 2011 (Kimberly Brooks, Toronto, Ont.; LL.B., U.B.C.; admitted to the bar, 1999)</subfield>
  </datafield>
  <datafield tag="953" ind1=" " ind2=" ">
    <subfield code="a">xg09</subfield>
  </datafield>
</record>