
<record>
  <leader>00406cz  a2200157n  4500</leader>
  <controlfield tag="001">8196517</controlfield>
  <controlfield tag="003">DLC</controlfield>
  <controlfield tag="005">20200104073301.0</controlfield>
  <controlfield tag="008">100302n| azannaabn          |n aaa     c</controlfield>
  <datafield tag="010" ind1=" " ind2=" ">
    <subfield code="a">no2010035534</subfield>
  </datafield>
  <datafield tag="035" ind1=" " ind2=" ">
    <subfield code="a">(OCoLC)oca08410783</subfield>
  </datafield>
  <datafield tag="040" ind1=" " ind2=" ">
    <subfield code="a">OU</subfield>
    <subfield code="b">eng</subfield>
    <subfield code="e">rda</subfield>
    <subfield code="c">OU</subfield>
    <subfield code="d">NcU</subfield>
  </datafield>
  <datafield tag="100" ind1="1" ind2=" ">
    <subfield code="a">Scanlon, William T.</subfield>
  </datafield>
  <datafield tag="374" ind1=" " ind2=" ">
    <subfield code="a">Novelists</subfield>
    <subfield code="2">lcsh</subfield>
  </datafield>
  <datafield tag="377" ind1=" " ind2=" ">
    <subfield code="a">eng</subfield>
  </datafield>
  <datafield tag="670" ind1=" " ind2=" ">
    <subfield code="a">God have mercy on us!, 1929:</subfield>
    <subfield code="b">t.p. (William T. Scanlon)</subfield>
  </datafield>
</record>