
<record>
  <leader>00582cz  a2200181n  4500</leader>
  <controlfield tag="001">8205235</controlfield>
  <controlfield tag="003">DLC</controlfield>
  <controlfield tag="005">20200104073301.0</controlfield>
  <controlfield tag="008">100309n| azannaabn          |n aaa     c</controlfield>
  <datafield tag="010" ind1=" " ind2=" ">
    <subfield code="a">no2010040318</subfield>
  </datafield>
  <datafield tag="016" ind1=" " ind2=" ">
    <subfield code="a">1026J0708E</subfield>
  </datafield>
  <datafield tag="035" ind1=" " ind2=" ">
    <subfield code="a">(OCoLC)oca08420727</subfield>
  </datafield>
  <datafield tag="040" ind1=" " ind2=" ">
    <subfield code="a">NcD-L</subfield>
    <subfield code="b">eng</subfield>
    <subfield code="e">rda</subfield>
    <subfield code="c">NcD-L</subfield>
    <subfield code="d">CaOONL</subfield>
  </datafield>
  <datafield tag="042" ind1=" " ind2=" ">
    <subfield code="a">nlc</subfield>
  </datafield>
  <datafield tag="100" ind1="1" ind2=" ">
    <subfield code="a">Bueckert, Melanie R.</subfield>
  </datafield>
  <datafield tag="377" ind1=" " ind2=" ">
    <subfield code="a">eng</subfield>
  </datafield>
  <datafield tag="670" ind1=" " ind2=" ">
    <subfield code="a">The law of employee monitoring in Canada, 2009:</subfield>
    <subfield code="b">t.p. (Melanie R. Bueckert) about the author (LL.B, LL.M (University of Manitoba))</subfield>
  </datafield>
  <datafield tag="670" ind1=" " ind2=" ">
    <subfield code="a">AMICUS database, Mar. 9, 2009:</subfield>
    <subfield code="b">hdg. (Bueckert, Melanie R.)</subfield>
  </datafield>
</record>