
<record>
  <leader>01093cz  a2200241n  4500</leader>
  <controlfield tag="001">8469672</controlfield>
  <controlfield tag="003">DLC</controlfield>
  <controlfield tag="005">20200104073526.0</controlfield>
  <controlfield tag="008">101108n| azannaabn          |b aaa     c</controlfield>
  <datafield tag="010" ind1=" " ind2=" ">
    <subfield code="a">no2010181831</subfield>
  </datafield>
  <datafield tag="035" ind1=" " ind2=" ">
    <subfield code="a">(OCoLC)oca08681602</subfield>
  </datafield>
  <datafield tag="040" ind1=" " ind2=" ">
    <subfield code="a">NcU</subfield>
    <subfield code="b">eng</subfield>
    <subfield code="e">rda</subfield>
    <subfield code="c">NcU</subfield>
    <subfield code="d">DLC</subfield>
    <subfield code="d">WU</subfield>
  </datafield>
  <datafield tag="046" ind1=" " ind2=" ">
    <subfield code="f">1793-1858-06-22</subfield>
    <subfield code="2">edtf</subfield>
  </datafield>
  <datafield tag="100" ind1="1" ind2=" ">
    <subfield code="a">Nikitin, Aleksandr,</subfield>
    <subfield code="d">1793-1858</subfield>
  </datafield>
  <datafield tag="375" ind1=" " ind2=" ">
    <subfield code="a">Males</subfield>
    <subfield code="2">lcdgt</subfield>
  </datafield>
  <datafield tag="377" ind1=" " ind2=" ">
    <subfield code="a">rus</subfield>
  </datafield>
  <datafield tag="400" ind1="1" ind2=" ">
    <subfield code="a">Никитин, Александр,</subfield>
    <subfield code="d">1793-1858</subfield>
  </datafield>
  <datafield tag="400" ind1="1" ind2=" ">
    <subfield code="a">Nikitin, Aleksandr Nikitich,</subfield>
    <subfield code="d">1793-1858</subfield>
  </datafield>
  <datafield tag="400" ind1="1" ind2=" ">
    <subfield code="a">Никитин, Александр Никитич,</subfield>
    <subfield code="d">1793-1858</subfield>
  </datafield>
  <datafield tag="667" ind1=" " ind2=" ">
    <subfield code="a">Non-Latin script reference not evaluated.</subfield>
  </datafield>
  <datafield tag="670" ind1=" " ind2=" ">
    <subfield code="a">Vrachebnyĭ slovarʹ, 1835:</subfield>
    <subfield code="b">t.p. (... Александромъ Никитинымъ = Aleksandrom Nikitinym)</subfield>
  </datafield>
  <datafield tag="670" ind1=" " ind2=" ">
    <subfield code="a">Russkīĭ biog. slovarʹ, 1991-</subfield>
    <subfield code="b">(Никитин, Александр Никитич = Nikitin, Aleksandr Nikitich; b. 1793; d. June 22, 1858; Russian medical doctor and writer on medical topics)</subfield>
  </datafield>
  <datafield tag="670" ind1=" " ind2=" ">
    <subfield code="a">LC manual catalog:</subfield>
    <subfield code="b">(heading: Nikitin, Aleksandr Nikitich, 1793-1858; usage: Aleksandr Nikitin)</subfield>
  </datafield>
</record>