
<record>
  <leader>01140cz  a2200289n  4500</leader>
  <controlfield tag="001">8480020</controlfield>
  <controlfield tag="003">DLC</controlfield>
  <controlfield tag="005">20200104073518.0</controlfield>
  <controlfield tag="008">101119n| azannaabn          |n aaa     c</controlfield>
  <datafield tag="010" ind1=" " ind2=" ">
    <subfield code="a">no2010188972</subfield>
  </datafield>
  <datafield tag="016" ind1=" " ind2=" ">
    <subfield code="a">1019C5731E</subfield>
  </datafield>
  <datafield tag="035" ind1=" " ind2=" ">
    <subfield code="a">(OCoLC)oca08692307</subfield>
  </datafield>
  <datafield tag="040" ind1=" " ind2=" ">
    <subfield code="a">NjP</subfield>
    <subfield code="b">eng</subfield>
    <subfield code="e">rda</subfield>
    <subfield code="c">NjP</subfield>
    <subfield code="d">ICrlF</subfield>
    <subfield code="d">CaOONL</subfield>
  </datafield>
  <datafield tag="042" ind1=" " ind2=" ">
    <subfield code="a">nlc</subfield>
  </datafield>
  <datafield tag="046" ind1=" " ind2=" ">
    <subfield code="f">1982-02-15</subfield>
    <subfield code="2">edtf</subfield>
  </datafield>
  <datafield tag="053" ind1=" " ind2="0">
    <subfield code="a">PQ3919.3.B6829</subfield>
  </datafield>
  <datafield tag="053" ind1=" " ind2="4">
    <subfield code="a">PS8603.O9377</subfield>
    <subfield code="5">CaOONL</subfield>
  </datafield>
  <datafield tag="100" ind1="1" ind2=" ">
    <subfield code="a">Boulerice, Simon,</subfield>
    <subfield code="d">1982-</subfield>
  </datafield>
  <datafield tag="370" ind1=" " ind2=" ">
    <subfield code="c">Canada</subfield>
    <subfield code="f">Québec (Province)</subfield>
    <subfield code="2">naf</subfield>
  </datafield>
  <datafield tag="372" ind1=" " ind2=" ">
    <subfield code="a">Juvenile literature</subfield>
    <subfield code="2">lcsh</subfield>
  </datafield>
  <datafield tag="374" ind1=" " ind2=" ">
    <subfield code="a">Comedians</subfield>
    <subfield code="a">Authors</subfield>
    <subfield code="a">Theatrical producers and directors</subfield>
    <subfield code="a">Dramatists</subfield>
    <subfield code="a">Novelists</subfield>
    <subfield code="a">Poets</subfield>
    <subfield code="2">lcsh</subfield>
  </datafield>
  <datafield tag="375" ind1=" " ind2=" ">
    <subfield code="a">Males</subfield>
    <subfield code="2">lcdgt</subfield>
  </datafield>
  <datafield tag="377" ind1=" " ind2=" ">
    <subfield code="a">fre</subfield>
  </datafield>
  <datafield tag="670" ind1=" " ind2=" ">
    <subfield code="a">Qu&apos;est-ce qui reste de Marie-Stella? c2009:</subfield>
    <subfield code="b">t.p. (Simon Boulerice) cover p. 4 (comedian, author, theater director)</subfield>
  </datafield>
  <datafield tag="670" ind1=" " ind2=" ">
    <subfield code="a">AMICUS database, Nov. 17, 2010</subfield>
    <subfield code="b">(Boulerice, Simon, 1982-)</subfield>
  </datafield>
  <datafield tag="670" ind1=" " ind2=" ">
    <subfield code="a">LAC in Viaf, Jan. 24, 2019</subfield>
    <subfield code="b">(Boulerice, Simon, 1982-; 1982-02-15; Canadian)</subfield>
  </datafield>
  <datafield tag="670" ind1=" " ind2=" ">
    <subfield code="a">My bright friend, 2019:</subfield>
    <subfield code="b">about the author page (Simon Boulerice; Quebecois; playwright, novelist, poet, and children&apos;s book author)</subfield>
  </datafield>
</record>