
<record>
  <leader>00702cz  a2200181n  4500</leader>
  <controlfield tag="001">8542586</controlfield>
  <controlfield tag="003">DLC</controlfield>
  <controlfield tag="005">20200104073518.0</controlfield>
  <controlfield tag="008">110131n| azannaabn          |n aaa     c</controlfield>
  <datafield tag="010" ind1=" " ind2=" ">
    <subfield code="a">no2011016300</subfield>
  </datafield>
  <datafield tag="035" ind1=" " ind2=" ">
    <subfield code="a">(OCoLC)oca08754773</subfield>
  </datafield>
  <datafield tag="040" ind1=" " ind2=" ">
    <subfield code="a">MnU</subfield>
    <subfield code="b">eng</subfield>
    <subfield code="e">rda</subfield>
    <subfield code="c">MnU</subfield>
    <subfield code="d">CtY</subfield>
  </datafield>
  <datafield tag="046" ind1=" " ind2=" ">
    <subfield code="f">1953-08-01</subfield>
    <subfield code="2">edtf</subfield>
  </datafield>
  <datafield tag="100" ind1="1" ind2=" ">
    <subfield code="a">Cardoso, Rui</subfield>
  </datafield>
  <datafield tag="370" ind1=" " ind2=" ">
    <subfield code="a">Lisbon (Portugal)</subfield>
    <subfield code="2">naf</subfield>
  </datafield>
  <datafield tag="377" ind1=" " ind2=" ">
    <subfield code="a">por</subfield>
  </datafield>
  <datafield tag="670" ind1=" " ind2=" ">
    <subfield code="a">Invasões francesas, 2010:</subfield>
    <subfield code="b">t.p. (Rui Cardoso) back cover (editor da secção internacional do semanário Expresso e editor-executivo da revista Courrier Internacional)</subfield>
  </datafield>
  <datafield tag="670" ind1=" " ind2=" ">
    <subfield code="a">As grandes conspirações da história de Portugal, 2019:</subfield>
    <subfield code="b">title page (Rui Cardoso) front cover flap (b. 8/1/1953 in Lisbon)</subfield>
  </datafield>
</record>