
<record>
  <leader>01509cz  a2200253n  4500</leader>
  <controlfield tag="001">8554650</controlfield>
  <controlfield tag="003">DLC</controlfield>
  <controlfield tag="005">20200104073518.0</controlfield>
  <controlfield tag="008">110211n| azannaabn          |a aaa     c</controlfield>
  <datafield tag="010" ind1=" " ind2=" ">
    <subfield code="a">no2011022911</subfield>
  </datafield>
  <datafield tag="035" ind1=" " ind2=" ">
    <subfield code="a">(OCoLC)oca08766806</subfield>
  </datafield>
  <datafield tag="040" ind1=" " ind2=" ">
    <subfield code="a">MoCoUCH</subfield>
    <subfield code="b">eng</subfield>
    <subfield code="e">rda</subfield>
    <subfield code="c">MoCoUCH</subfield>
    <subfield code="d">OOC</subfield>
  </datafield>
  <datafield tag="046" ind1=" " ind2=" ">
    <subfield code="f">1939-08-08</subfield>
    <subfield code="g">2014-12-30</subfield>
    <subfield code="2">edtf</subfield>
  </datafield>
  <datafield tag="100" ind1="1" ind2=" ">
    <subfield code="a">Strzelecki, Henry,</subfield>
    <subfield code="d">1939-2014</subfield>
  </datafield>
  <datafield tag="370" ind1=" " ind2=" ">
    <subfield code="a">Birmingham (Ala.)</subfield>
    <subfield code="b">Nashville (Tenn.)</subfield>
    <subfield code="f">Nashville (Tenn.)</subfield>
    <subfield code="2">naf</subfield>
  </datafield>
  <datafield tag="372" ind1=" " ind2=" ">
    <subfield code="a">Country music</subfield>
    <subfield code="2">lcsh</subfield>
  </datafield>
  <datafield tag="374" ind1=" " ind2=" ">
    <subfield code="a">Singers</subfield>
    <subfield code="a">Bass guitarists</subfield>
    <subfield code="2">lcdgt</subfield>
  </datafield>
  <datafield tag="374" ind1=" " ind2=" ">
    <subfield code="a">Sound recording executives and producers</subfield>
    <subfield code="2">lcsh</subfield>
  </datafield>
  <datafield tag="378" ind1=" " ind2=" ">
    <subfield code="q">Henry Pershing</subfield>
  </datafield>
  <datafield tag="400" ind1="1" ind2=" ">
    <subfield code="a">Strzelecki, Henry P.,</subfield>
    <subfield code="d">1939-2014</subfield>
  </datafield>
  <datafield tag="670" ind1=" " ind2=" ">
    <subfield code="a">Oral history interview with Henry Strzelecki, 1990 Apr. 6:</subfield>
    <subfield code="b">label (Henry Strzelecki)</subfield>
  </datafield>
  <datafield tag="670" ind1=" " ind2=" ">
    <subfield code="a">Country Music Hall of Fame and Museum website, accessed Jan. 17, 2011</subfield>
    <subfield code="b">oral history (Henry Strzelecki, bass player, born August 8, 1939. Prominent Nashville studio musician, career most active 1960s-1980s)</subfield>
  </datafield>
  <datafield tag="670" ind1=" " ind2=" ">
    <subfield code="a">Allmusic website, accessed Feb. 11, 2011</subfield>
    <subfield code="b">biography (Henry Strzelecki, sometimes credited as Henry P. Strzelecki, born Birmingham, Alabama, bassist, singer, producer)</subfield>
  </datafield>
  <datafield tag="670" ind1=" " ind2=" ">
    <subfield code="a">Wikipedia, January 3, 2020</subfield>
    <subfield code="b">(Henry Strzelecki; Henry Pershing Strzelecki; born August 8, 1939, Birmingham, Alabama; died December 30, 2014, Nashville, Tennessee; Nashville studio musician who performed with Chet Atkins, Waylon Jennings, Willie Nelson, Eddy Arnold, Bob Dylan, Johnny Cash, Ronnie Milsap, Merle Haggard, and many others)</subfield>
  </datafield>
</record>