
<record>
  <leader>00607cz  a2200181n  4500</leader>
  <controlfield tag="001">8634231</controlfield>
  <controlfield tag="003">DLC</controlfield>
  <controlfield tag="005">20200104073517.0</controlfield>
  <controlfield tag="008">110503n| azannaabn          |n aaa     c</controlfield>
  <datafield tag="010" ind1=" " ind2=" ">
    <subfield code="a">no2011069657</subfield>
  </datafield>
  <datafield tag="035" ind1=" " ind2=" ">
    <subfield code="a">(OCoLC)oca08845793</subfield>
  </datafield>
  <datafield tag="040" ind1=" " ind2=" ">
    <subfield code="a">NN</subfield>
    <subfield code="b">eng</subfield>
    <subfield code="e">rda</subfield>
    <subfield code="c">NN</subfield>
    <subfield code="d">NN</subfield>
  </datafield>
  <datafield tag="100" ind1="1" ind2=" ">
    <subfield code="a">Barretta, Scott</subfield>
  </datafield>
  <datafield tag="370" ind1=" " ind2=" ">
    <subfield code="c">United States</subfield>
    <subfield code="2">naf</subfield>
  </datafield>
  <datafield tag="374" ind1=" " ind2=" ">
    <subfield code="a">Authors</subfield>
    <subfield code="2">lcsh</subfield>
  </datafield>
  <datafield tag="375" ind1=" " ind2=" ">
    <subfield code="a">Males</subfield>
    <subfield code="2">lcdgt</subfield>
  </datafield>
  <datafield tag="377" ind1=" " ind2=" ">
    <subfield code="a">eng</subfield>
  </datafield>
  <datafield tag="670" ind1=" " ind2=" ">
    <subfield code="a">Mississippi: state of blues, c2010:</subfield>
    <subfield code="b">t.p. (Scott Barretta) bk. jkt. (resident of Oxford, Miss.; radio host, music columnist, instructor at the Univ. of Miss. Center for the Study of Southern Culture)</subfield>
  </datafield>
</record>