
<record>
  <leader>01057cz  a2200229n  4500</leader>
  <controlfield tag="001">8642046</controlfield>
  <controlfield tag="003">DLC</controlfield>
  <controlfield tag="005">20200104073517.0</controlfield>
  <controlfield tag="008">110511n| azannaabn          |a aaa     c</controlfield>
  <datafield tag="010" ind1=" " ind2=" ">
    <subfield code="a">no2011073959</subfield>
  </datafield>
  <datafield tag="035" ind1=" " ind2=" ">
    <subfield code="a">(OCoLC)oca08853338</subfield>
  </datafield>
  <datafield tag="040" ind1=" " ind2=" ">
    <subfield code="a">NN</subfield>
    <subfield code="b">eng</subfield>
    <subfield code="e">rda</subfield>
    <subfield code="c">NN</subfield>
    <subfield code="d">NcU</subfield>
  </datafield>
  <datafield tag="046" ind1=" " ind2=" ">
    <subfield code="f">1956-12-17</subfield>
    <subfield code="g">1915-03-16</subfield>
    <subfield code="2">edtf</subfield>
  </datafield>
  <datafield tag="100" ind1="1" ind2=" ">
    <subfield code="a">Saunders, Ripley D.</subfield>
    <subfield code="q">(Ripley Dunlap),</subfield>
    <subfield code="d">1856-1915</subfield>
  </datafield>
  <datafield tag="370" ind1=" " ind2=" ">
    <subfield code="c">United States</subfield>
    <subfield code="2">naf</subfield>
  </datafield>
  <datafield tag="374" ind1=" " ind2=" ">
    <subfield code="a">Journalists</subfield>
    <subfield code="a">Novelists</subfield>
    <subfield code="2">lcsh</subfield>
  </datafield>
  <datafield tag="377" ind1=" " ind2=" ">
    <subfield code="a">eng</subfield>
  </datafield>
  <datafield tag="378" ind1=" " ind2=" ">
    <subfield code="q">Ripley Dunlap</subfield>
  </datafield>
  <datafield tag="400" ind1="1" ind2=" ">
    <subfield code="a">Saunders, Ripley Dunlap,</subfield>
    <subfield code="d">1856-1915</subfield>
  </datafield>
  <datafield tag="670" ind1=" " ind2=" ">
    <subfield code="a">Colonel Todhunter of Missouri, c1911:</subfield>
    <subfield code="b">t.p. (Ripley D. Saunders)</subfield>
  </datafield>
  <datafield tag="670" ind1=" " ind2=" ">
    <subfield code="a">Lives of Mississippi authors, 1817-1967, c1981:</subfield>
    <subfield code="b">p. 403 (Ripley Dunlap Saunders; b. 17 December 1856 in Ripley, Mississippi; d. 16 March 1915 in St. Louis; journalist)</subfield>
  </datafield>
  <datafield tag="670" ind1=" " ind2=" ">
    <subfield code="a">OCLC, May 11, 2011:</subfield>
    <subfield code="b">(hdgs: Saunders, Ripley Dunlap, 1856-; Saunders, Ripley Dunlap, 1856-1915; Saunders, Ripley D.; Saunders, Ripley D. (Ripley Dunlap), 1856-1915; Saunders, Ripley D. (Ripley Dunlap), b. 1856; usage: Ripley D. Saunders)</subfield>
  </datafield>
</record>