
<record>
  <leader>00839cz  a2200217n  4500</leader>
  <controlfield tag="001">8645866</controlfield>
  <controlfield tag="003">DLC</controlfield>
  <controlfield tag="005">20200104073517.0</controlfield>
  <controlfield tag="008">110516n| azannaabn          |b aaa      </controlfield>
  <datafield tag="010" ind1=" " ind2=" ">
    <subfield code="a">n 2011032819</subfield>
  </datafield>
  <datafield tag="035" ind1=" " ind2=" ">
    <subfield code="a">(OCoLC)oca08858668</subfield>
  </datafield>
  <datafield tag="040" ind1=" " ind2=" ">
    <subfield code="a">DLC</subfield>
    <subfield code="b">eng</subfield>
    <subfield code="e">rda</subfield>
    <subfield code="c">DLC</subfield>
    <subfield code="d">InU</subfield>
  </datafield>
  <datafield tag="100" ind1="1" ind2=" ">
    <subfield code="a">Rekhtina, I. V.</subfield>
    <subfield code="q">(Irina Vladimirovna)</subfield>
  </datafield>
  <datafield tag="375" ind1=" " ind2=" ">
    <subfield code="a">Females</subfield>
    <subfield code="2">lcdgt</subfield>
  </datafield>
  <datafield tag="377" ind1=" " ind2=" ">
    <subfield code="a">rus</subfield>
  </datafield>
  <datafield tag="400" ind1="1" ind2=" ">
    <subfield code="a">Рехтина, И. В.</subfield>
    <subfield code="q">(Ирина Владимировна)</subfield>
  </datafield>
  <datafield tag="400" ind1="1" ind2=" ">
    <subfield code="a">Рехтина, Ирина Владимировна</subfield>
  </datafield>
  <datafield tag="400" ind1="1" ind2=" ">
    <subfield code="a">Rekhtina, Irina Vladimirovna</subfield>
  </datafield>
  <datafield tag="667" ind1=" " ind2=" ">
    <subfield code="a">Non-Latin script references not evaluated</subfield>
  </datafield>
  <datafield tag="670" ind1=" " ind2=" ">
    <subfield code="a">Nadzornoe proizvodstvo v grazhdanskom prot︠s︡esse, 2010:</subfield>
    <subfield code="b">t.p. (И.В. Рехтина = I.V. Rekhtina) colophon (Рехтина Ирина Владимировна = Rekhtina Irina Vladimirovna)</subfield>
  </datafield>
  <datafield tag="953" ind1=" " ind2=" ">
    <subfield code="a">fe13</subfield>
  </datafield>
</record>