
<record>
  <leader>00750cz  a2200145n  4500</leader>
  <controlfield tag="001">8655836</controlfield>
  <controlfield tag="003">DLC</controlfield>
  <controlfield tag="005">20200104073518.0</controlfield>
  <controlfield tag="008">110524n| acannaabn          |n aaa     c</controlfield>
  <datafield tag="010" ind1=" " ind2=" ">
    <subfield code="a">no2011081286</subfield>
  </datafield>
  <datafield tag="035" ind1=" " ind2=" ">
    <subfield code="a">(OCoLC)oca08867109</subfield>
  </datafield>
  <datafield tag="040" ind1=" " ind2=" ">
    <subfield code="a">IlMchBWI</subfield>
    <subfield code="b">eng</subfield>
    <subfield code="c">IlMchBWI</subfield>
    <subfield code="d">CU-I</subfield>
  </datafield>
  <datafield tag="100" ind1="1" ind2=" ">
    <subfield code="a">Woltering, Robbert,</subfield>
    <subfield code="d">1977-</subfield>
  </datafield>
  <datafield tag="670" ind1=" " ind2=" ">
    <subfield code="a">His Occidentalisms in the Arab world, 2011</subfield>
    <subfield code="b">t .p. (Robbert Woltering) p. i (received his PhD at the International Institute for the Study of Islam in the Modern World at Leiden University; Assistant Prffessor in the Department of Arabic Studies at the University of Amsterdam)</subfield>
  </datafield>
  <datafield tag="670" ind1=" " ind2=" ">
    <subfield code="a">OCLC, May 16, 2011</subfield>
    <subfield code="b">(hdgs.: Woltering, Robbert; Woltering, Robbert (Robbert Antonius Franciscus Leonardus), 1977-; Woltering, Robbert A. F. L.)</subfield>
  </datafield>
</record>