
<record>
  <leader>01199cz  a2200277n  4500</leader>
  <controlfield tag="001">8664547</controlfield>
  <controlfield tag="003">DLC</controlfield>
  <controlfield tag="005">20200104073518.0</controlfield>
  <controlfield tag="008">110602n| azannaabn          |a aaa     c</controlfield>
  <datafield tag="010" ind1=" " ind2=" ">
    <subfield code="a">no2011086209</subfield>
  </datafield>
  <datafield tag="016" ind1=" " ind2=" ">
    <subfield code="a">0002H9869E</subfield>
  </datafield>
  <datafield tag="035" ind1=" " ind2=" ">
    <subfield code="a">(OCoLC)oca08875533</subfield>
  </datafield>
  <datafield tag="040" ind1=" " ind2=" ">
    <subfield code="a">CU-SB</subfield>
    <subfield code="b">eng</subfield>
    <subfield code="e">rda</subfield>
    <subfield code="c">CU-SB</subfield>
    <subfield code="d">NjP</subfield>
    <subfield code="d">ICrlF</subfield>
    <subfield code="d">CaOONL</subfield>
  </datafield>
  <datafield tag="042" ind1=" " ind2=" ">
    <subfield code="a">nlc</subfield>
  </datafield>
  <datafield tag="046" ind1=" " ind2=" ">
    <subfield code="f">1947-04-23</subfield>
    <subfield code="2">edtf</subfield>
  </datafield>
  <datafield tag="053" ind1=" " ind2="0">
    <subfield code="a">PQ3919.3.B336</subfield>
  </datafield>
  <datafield tag="100" ind1="1" ind2=" ">
    <subfield code="a">Bacon, Joséphine,</subfield>
    <subfield code="d">1947-</subfield>
  </datafield>
  <datafield tag="370" ind1=" " ind2=" ">
    <subfield code="a">Betsiamites Indian Reserve (Québec)</subfield>
    <subfield code="e">Montréal (Québec)</subfield>
    <subfield code="2">naf</subfield>
  </datafield>
  <datafield tag="374" ind1=" " ind2=" ">
    <subfield code="a">Poets</subfield>
    <subfield code="a">Actresses</subfield>
    <subfield code="a">Motion picture producers and directors</subfield>
    <subfield code="2">lcsh</subfield>
  </datafield>
  <datafield tag="375" ind1=" " ind2=" ">
    <subfield code="a">Females</subfield>
    <subfield code="2">lcdgt</subfield>
  </datafield>
  <datafield tag="377" ind1=" " ind2=" ">
    <subfield code="a">fre</subfield>
    <subfield code="a">cre</subfield>
  </datafield>
  <datafield tag="400" ind1="1" ind2=" ">
    <subfield code="a">Bacon, Bibit,</subfield>
    <subfield code="d">1947-</subfield>
  </datafield>
  <datafield tag="670" ind1=" " ind2=" ">
    <subfield code="a">Finding our talk, seasons 1 &amp; 2, 2006:</subfield>
    <subfield code="b">credits (Josephine Bacon; director and writer, season 2, episode 4)</subfield>
  </datafield>
  <datafield tag="670" ind1=" " ind2=" ">
    <subfield code="a">VIAF, June 1, 2011</subfield>
    <subfield code="b">(hdg.: Bacon, Joséphine, 1947-; alternate, Bacon, Bibit, 1947-; b. Innue de Betsiamites; lives in Montréal; film director, poet, lyricist)</subfield>
  </datafield>
  <datafield tag="670" ind1=" " ind2=" ">
    <subfield code="a">Internet movie database, June 1, 2011</subfield>
    <subfield code="b">(Joséphine Bacon; writer, director, actress)</subfield>
  </datafield>
  <datafield tag="670" ind1=" " ind2=" ">
    <subfield code="a">VIAF, Dec. 4, 2017</subfield>
    <subfield code="b">(Bacon, Joséphine, 1947- ; Poet, actress, translator ; 1947-04-23 ; Cree, French)</subfield>
  </datafield>
</record>