
<record>
  <leader>01354cz  a2200241n  4500</leader>
  <controlfield tag="001">8702132</controlfield>
  <controlfield tag="003">DLC</controlfield>
  <controlfield tag="005">20200104073518.0</controlfield>
  <controlfield tag="008">110713n| azannaabn          |b aaa     c</controlfield>
  <datafield tag="010" ind1=" " ind2=" ">
    <subfield code="a">no2011106733</subfield>
  </datafield>
  <datafield tag="035" ind1=" " ind2=" ">
    <subfield code="a">(OCoLC)oca08911614</subfield>
  </datafield>
  <datafield tag="040" ind1=" " ind2=" ">
    <subfield code="a">NNC</subfield>
    <subfield code="b">eng</subfield>
    <subfield code="e">rda</subfield>
    <subfield code="c">NNC</subfield>
    <subfield code="d">InU</subfield>
  </datafield>
  <datafield tag="100" ind1="1" ind2=" ">
    <subfield code="a">Nasrutdinova, L. Kh.</subfield>
    <subfield code="q">(Lilii︠a︡ Kharisovna)</subfield>
  </datafield>
  <datafield tag="373" ind1=" " ind2=" ">
    <subfield code="a">Kazanskiĭ (Privolzhskiĭ) federalʹnyĭ universitet. Institut filologii i mezhkulʹturnoĭ kommunikat︠s︡ii im. L. Tolstogo</subfield>
    <subfield code="2">naf</subfield>
  </datafield>
  <datafield tag="374" ind1=" " ind2=" ">
    <subfield code="a">Philologists</subfield>
    <subfield code="a">Literary historians</subfield>
    <subfield code="a">College teachers</subfield>
    <subfield code="2">lcsh</subfield>
  </datafield>
  <datafield tag="375" ind1=" " ind2=" ">
    <subfield code="a">Females</subfield>
    <subfield code="2">lcdgt</subfield>
  </datafield>
  <datafield tag="377" ind1=" " ind2=" ">
    <subfield code="a">rus</subfield>
  </datafield>
  <datafield tag="400" ind1="1" ind2=" ">
    <subfield code="a">Насрутдинова, Л. Х.</subfield>
    <subfield code="q">(Лилия Харисовна)</subfield>
  </datafield>
  <datafield tag="400" ind1="1" ind2=" ">
    <subfield code="a">Nasrutdinova, Lilii︠a︡ Kharisovna</subfield>
  </datafield>
  <datafield tag="400" ind1="1" ind2=" ">
    <subfield code="a">Насрутдинова, Лилия Харисовна</subfield>
  </datafield>
  <datafield tag="667" ind1=" " ind2=" ">
    <subfield code="a">Non-Latin script references not evaluated.</subfield>
  </datafield>
  <datafield tag="670" ind1=" " ind2=" ">
    <subfield code="a">Mezhdu realizmom i postmodernizmom, 2010:</subfield>
    <subfield code="b">t.p. (Л. Х. Насрутдинова = L. Kh. Nasrutdinova) colophon (Насрутдинова Лилия Харисовна = Nasrutdinova Lilii︠a︡ Kharisovna)</subfield>
  </datafield>
  <datafield tag="670" ind1=" " ind2=" ">
    <subfield code="a">Kazanskiĭ federalʹnyĭ universitet website, January 3, 2020</subfield>
    <subfield code="b">(Nasrutdinova Lilii︠a︡ Kharisovna; kandidat filologicheskikh nauk; dot︠s︡ent, Institut filologii i mezhkulʹturnoĭ kommunikat︠s︡ii, KFU)</subfield>
    <subfield code="u">https://kpfu.ru/Liliya.Nasroutdinova</subfield>
  </datafield>
</record>