
<record>
  <leader>00798cz  a2200169n  4500</leader>
  <controlfield tag="001">8761137</controlfield>
  <controlfield tag="003">DLC</controlfield>
  <controlfield tag="005">20200104073326.0</controlfield>
  <controlfield tag="008">110908n| azannaabn          |a ana      </controlfield>
  <datafield tag="010" ind1=" " ind2=" ">
    <subfield code="a">no2011139914</subfield>
  </datafield>
  <datafield tag="035" ind1=" " ind2=" ">
    <subfield code="a">(OCoLC)oca08969578</subfield>
  </datafield>
  <datafield tag="040" ind1=" " ind2=" ">
    <subfield code="a">DLC-S</subfield>
    <subfield code="b">eng</subfield>
    <subfield code="e">rda</subfield>
    <subfield code="c">DLC-S</subfield>
    <subfield code="d">WaU</subfield>
  </datafield>
  <datafield tag="110" ind1="2" ind2=" ">
    <subfield code="a">Universitas Medan Area.</subfield>
    <subfield code="b">Program Pascasarjana</subfield>
  </datafield>
  <datafield tag="410" ind1="2" ind2=" ">
    <subfield code="a">Universitas Medan Area.</subfield>
    <subfield code="b">Program Pasca Sarjana</subfield>
  </datafield>
  <datafield tag="410" ind1="2" ind2=" ">
    <subfield code="a">Universitas Medan Area.</subfield>
    <subfield code="b">Pascasarjana</subfield>
  </datafield>
  <datafield tag="670" ind1=" " ind2=" ">
    <subfield code="a">Jurnal politik pembangunan Islam, 2011:</subfield>
    <subfield code="b">masthead (Program Pascasarjana, Universitas Medan Area; Pasca Sarjana, Universitas Medan Area)</subfield>
  </datafield>
  <datafield tag="670" ind1=" " ind2=" ">
    <subfield code="a">Jurnal administrasi publik website, January 2, 2020:</subfield>
    <subfield code="b">home page (Program Pascasarjana, Universitas Medan Area; Pascasarjana, Universitas Medan Area)</subfield>
    <subfield code="u">http://ojs.uma.ac.id/index.php/adminpublik/index</subfield>
  </datafield>
</record>