
<record>
  <leader>00770cz  a2200193n  4500</leader>
  <controlfield tag="001">8811928</controlfield>
  <controlfield tag="003">DLC</controlfield>
  <controlfield tag="005">20200104073326.0</controlfield>
  <controlfield tag="008">111031n| azannaabn          |a aaa      </controlfield>
  <datafield tag="010" ind1=" " ind2=" ">
    <subfield code="a">n 2011076156</subfield>
  </datafield>
  <datafield tag="035" ind1=" " ind2=" ">
    <subfield code="a">(OCoLC)oca09022357</subfield>
  </datafield>
  <datafield tag="040" ind1=" " ind2=" ">
    <subfield code="a">DLC</subfield>
    <subfield code="b">eng</subfield>
    <subfield code="e">rda</subfield>
    <subfield code="c">DLC</subfield>
    <subfield code="d">DLC</subfield>
    <subfield code="d">PPi-MA</subfield>
  </datafield>
  <datafield tag="046" ind1=" " ind2=" ">
    <subfield code="k">1960</subfield>
    <subfield code="2">edtf</subfield>
  </datafield>
  <datafield tag="100" ind1="1" ind2=" ">
    <subfield code="a">Orgad, Ben-Zion,</subfield>
    <subfield code="d">1926-2006.</subfield>
    <subfield code="t">Septet,</subfield>
    <subfield code="m">clarinet, bassoon, horn, violin, viola, cello, double bass</subfield>
  </datafield>
  <datafield tag="380" ind1=" " ind2=" ">
    <subfield code="a">Chamber music</subfield>
    <subfield code="2">lcgft</subfield>
  </datafield>
  <datafield tag="382" ind1="0" ind2=" ">
    <subfield code="a">clarinet</subfield>
    <subfield code="n">1</subfield>
    <subfield code="a">bassoon</subfield>
    <subfield code="n">1</subfield>
    <subfield code="a">horn</subfield>
    <subfield code="n">1</subfield>
    <subfield code="a">violin</subfield>
    <subfield code="n">1</subfield>
    <subfield code="a">viola</subfield>
    <subfield code="n">1</subfield>
    <subfield code="a">cello</subfield>
    <subfield code="n">1</subfield>
    <subfield code="a">double bass</subfield>
    <subfield code="n">1</subfield>
    <subfield code="s">7</subfield>
    <subfield code="2">lcmpt</subfield>
  </datafield>
  <datafield tag="400" ind1="1" ind2=" ">
    <subfield code="w">nnea</subfield>
    <subfield code="a">Orgad, Ben-Zion,</subfield>
    <subfield code="d">1926-2006.</subfield>
    <subfield code="t">Septet,</subfield>
    <subfield code="m">woodwinds, horn, strings</subfield>
  </datafield>
  <datafield tag="670" ind1=" " ind2=" ">
    <subfield code="a">Septet, p1998:</subfield>
    <subfield code="b">container (Septet (1960) clarinet, bassoon, horn, violin, viola, violoncello, double bass)</subfield>
  </datafield>
  <datafield tag="953" ind1=" " ind2=" ">
    <subfield code="a">vk79</subfield>
  </datafield>
</record>