
<record>
  <leader>03335cz  a2200313n  4500</leader>
  <controlfield tag="001">8924360</controlfield>
  <controlfield tag="003">DLC</controlfield>
  <controlfield tag="005">20200104073326.0</controlfield>
  <controlfield tag="008">120302n| azannaabn          |b aaa     c</controlfield>
  <datafield tag="010" ind1=" " ind2=" ">
    <subfield code="a">no2012031675</subfield>
  </datafield>
  <datafield tag="035" ind1=" " ind2=" ">
    <subfield code="a">(OCoLC)oca09133150</subfield>
  </datafield>
  <datafield tag="040" ind1=" " ind2=" ">
    <subfield code="a">NmU</subfield>
    <subfield code="b">eng</subfield>
    <subfield code="e">rda</subfield>
    <subfield code="c">NmU</subfield>
    <subfield code="d">DLC</subfield>
    <subfield code="d">NcU</subfield>
    <subfield code="d">DLC</subfield>
    <subfield code="d">OO</subfield>
  </datafield>
  <datafield tag="046" ind1=" " ind2=" ">
    <subfield code="f">1952</subfield>
    <subfield code="2">edtf</subfield>
  </datafield>
  <datafield tag="100" ind1="1" ind2=" ">
    <subfield code="a">Mahallati, Mohammad Jafar Amir,</subfield>
    <subfield code="d">1952-</subfield>
  </datafield>
  <datafield tag="372" ind1=" " ind2=" ">
    <subfield code="a">Islamic poetry</subfield>
    <subfield code="a">Sufi poetry</subfield>
    <subfield code="a">Friendship--Philosophy</subfield>
    <subfield code="2">lcsh</subfield>
  </datafield>
  <datafield tag="373" ind1=" " ind2=" ">
    <subfield code="a">Oberlin College</subfield>
    <subfield code="2">naf</subfield>
  </datafield>
  <datafield tag="374" ind1=" " ind2=" ">
    <subfield code="a">College teachers</subfield>
    <subfield code="2">lcsh</subfield>
  </datafield>
  <datafield tag="374" ind1=" " ind2=" ">
    <subfield code="a">Ambassadors</subfield>
    <subfield code="2">lcsh</subfield>
    <subfield code="s">1987</subfield>
    <subfield code="t">1989</subfield>
  </datafield>
  <datafield tag="400" ind1="1" ind2=" ">
    <subfield code="a">Maḥallātī, Muḥammad Jaʻfar,</subfield>
    <subfield code="d">1952-</subfield>
  </datafield>
  <datafield tag="400" ind1="1" ind2=" ">
    <subfield code="a">محلاتى، محمد جعفر،</subfield>
    <subfield code="d">1952-</subfield>
  </datafield>
  <datafield tag="400" ind1="1" ind2=" ">
    <subfield code="w">nne</subfield>
    <subfield code="a">Mahallati, Mohammad Jafer,</subfield>
    <subfield code="d">1952-</subfield>
  </datafield>
  <datafield tag="667" ind1=" " ind2=" ">
    <subfield code="a">Non-Latin script reference not evaluated.</subfield>
  </datafield>
  <datafield tag="670" ind1=" " ind2=" ">
    <subfield code="a">Water&apos;s footfall, 2011:</subfield>
    <subfield code="b">title page (Mohammad Jafar Mahallati) page 52 (Presidential Scholar in Islamic Studies, Oberlin College; Iran&apos;s ambassador to U.N., 1987-1989; negotiated peace treaty between Iran and Iraq; scholarship focuses on Islamic and Sufi poetry and the philosophy of friendship)</subfield>
  </datafield>
  <datafield tag="670" ind1=" " ind2=" ">
    <subfield code="a">Oasis of now, 2013:</subfield>
    <subfield code="b">title page (Mohammad Jafar Mahallati) page 85 (Presidential Scholar of Religion at Oberlin College where he has taught course on Islam, the Quran, and the Ethics of Forgiveness and Peacemaking. From 1987-1989 he served as Iran&apos;s ambassador to the United Nations and was instrumental in brokering the peace agreement that ended the war between Iran and Iraq. He is currently working on a book project entitled Friendship in Muslim Cultures: Theory and Practice)</subfield>
  </datafield>
  <datafield tag="670" ind1=" " ind2=" ">
    <subfield code="a">Sahm-i tamaddunī-i Īrān va Tashayyuʻ dar bāzʹbīnī-i mabānī-i naẓarī-i siyāsat-i khārijī, [between 2000 and 2009?]:</subfield>
    <subfield code="b">title page (Duktur Muḥammad Jaʻfar (Amīr) Maḥallātī = دکتر محمد جعفر (امير) محلاتى)</subfield>
  </datafield>
  <datafield tag="670" ind1=" " ind2=" ">
    <subfield code="a">Ethics of war and peace in Iran and Shiʻi Islam, 2016:</subfield>
    <subfield code="b">title page (Mohammad Jafar Amir Mahallati)</subfield>
  </datafield>
  <datafield tag="670" ind1=" " ind2=" ">
    <subfield code="a">Oberlin College website, viewed June 6, 2019</subfield>
    <subfield code="b">Mohammad Jafar Mahallati: Oberlin College, Presidential Scholar in Islamic Studies; Nancy Schrom Dye Chair in Middle East and North African Studies; Education: Islamic Theology: Khan Seminary (madrasa), Shiraz (1970); BA, economics, National University, Tehran (1975); BSc, civil engineering, University of Kansas (1978); MSc, political economy, University of Oregon (Thesis Title: A Critique of Marxist Theory of Imperialism, 1980); PhD, Islamic studies, McGill University (Field: History of Islamic Thought; Thesis Title: Ethics of War in Muslim Cultures: A Critical and Comparative Perspective, 2006); Languages spoken: English, Persian, and Classical Arabic (fluent), French (working)</subfield>
    <subfield code="u">https://www.oberlin.edu/mohammad-jafar-mahallati</subfield>
  </datafield>
  <datafield tag="670" ind1=" " ind2=" ">
    <subfield code="a">OCLC, June 6, 2019</subfield>
    <subfield code="b">(headings: Mahallati, Mohammad Jafar; Mahallati, Mohammad Jafar, 1952-; Mahallati, Mohammad Jafar Amir;   ; Mahallati, Mohammad Jafar Amir, 1952-; Mahallati, Mohammad Jafer; Mahallati, Mohammad Jafer, 1952-; Mahallati, Mohammed Jafar Amir; Mahallati, Mohmmed Ja&apos;afar; usage: Mohammad Jafar Mahallati; author&apos;s Ph. D. thesis, McGill Univ., 2006)</subfield>
  </datafield>
  <datafield tag="670" ind1=" " ind2=" ">
    <subfield code="a">Correspondence with author, June 7, 2019</subfield>
    <subfield code="b">(preferred form of name is Mohammad Jafar Amir Mahallati; preferred entry format: Mahallati, Mohammad Jafar Amir, 1952-)</subfield>
  </datafield>
</record>