
<record>
  <leader>00802cz  a2200241n  4500</leader>
  <controlfield tag="001">8961685</controlfield>
  <controlfield tag="003">DLC</controlfield>
  <controlfield tag="005">20200104073326.0</controlfield>
  <controlfield tag="008">120412n| azannaabn          |b aaa     c</controlfield>
  <datafield tag="010" ind1=" " ind2=" ">
    <subfield code="a">no2012052128</subfield>
  </datafield>
  <datafield tag="035" ind1=" " ind2=" ">
    <subfield code="a">(OCoLC)oca09169776</subfield>
  </datafield>
  <datafield tag="040" ind1=" " ind2=" ">
    <subfield code="a">InU</subfield>
    <subfield code="b">eng</subfield>
    <subfield code="e">rda</subfield>
    <subfield code="c">InU</subfield>
    <subfield code="d">NNC</subfield>
  </datafield>
  <datafield tag="046" ind1=" " ind2=" ">
    <subfield code="f">1927</subfield>
    <subfield code="2">edtf</subfield>
  </datafield>
  <datafield tag="100" ind1="1" ind2=" ">
    <subfield code="a">Aĭtaliev, Ashyraaly,</subfield>
    <subfield code="d">1927-</subfield>
  </datafield>
  <datafield tag="377" ind1=" " ind2=" ">
    <subfield code="a">kir</subfield>
  </datafield>
  <datafield tag="400" ind1="1" ind2=" ">
    <subfield code="a">Айталиев, Ашыраалы,</subfield>
    <subfield code="d">1927-</subfield>
  </datafield>
  <datafield tag="400" ind1="0" ind2=" ">
    <subfield code="a">Ашыраалы Айталиев,</subfield>
    <subfield code="d">1927-</subfield>
  </datafield>
  <datafield tag="400" ind1="0" ind2=" ">
    <subfield code="a">Ashyraaly Aĭtaliev,</subfield>
    <subfield code="d">1927-</subfield>
  </datafield>
  <datafield tag="400" ind1="0" ind2=" ">
    <subfield code="a">Ашыке,</subfield>
    <subfield code="d">1927-</subfield>
  </datafield>
  <datafield tag="400" ind1="0" ind2=" ">
    <subfield code="a">Ashyke,</subfield>
    <subfield code="d">1927-</subfield>
  </datafield>
  <datafield tag="667" ind1=" " ind2=" ">
    <subfield code="a">Non-Latin script references not evaluated.</subfield>
  </datafield>
  <datafield tag="670" ind1=" " ind2=" ">
    <subfield code="a">Yrlar, aĭtyshtar, ėskeru̇u̇lȯr, maekter, arnoolor, 2010:</subfield>
    <subfield code="b">t.p. (Ashyke) p. 3 (Ashyraaly Aĭtaliev)</subfield>
  </datafield>
  <datafield tag="670" ind1=" " ind2=" ">
    <subfield code="a">Google, April 12, 2012</subfield>
    <subfield code="b">(b. 1927)</subfield>
  </datafield>
</record>