
<record>
  <leader>00805cz  a2200133n  4500</leader>
  <controlfield tag="001">8970890</controlfield>
  <controlfield tag="003">DLC</controlfield>
  <controlfield tag="005">20200104073327.0</controlfield>
  <controlfield tag="008">120423n| azannaabn          |n ana     c</controlfield>
  <datafield tag="010" ind1=" " ind2=" ">
    <subfield code="a">no2012057132</subfield>
  </datafield>
  <datafield tag="035" ind1=" " ind2=" ">
    <subfield code="a">(OCoLC)oca09179545</subfield>
  </datafield>
  <datafield tag="040" ind1=" " ind2=" ">
    <subfield code="a">DHMM</subfield>
    <subfield code="b">eng</subfield>
    <subfield code="e">rda</subfield>
    <subfield code="c">DHMM</subfield>
    <subfield code="d">MH</subfield>
  </datafield>
  <datafield tag="110" ind1="2" ind2=" ">
    <subfield code="a">EUscreen (Project)</subfield>
  </datafield>
  <datafield tag="670" ind1=" " ind2=" ">
    <subfield code="a">ZIB 2 Interview mit Kurt Waldheim, 1986:</subfield>
    <subfield code="b">caption (EUscreen) about (The EUscreen project aims to promote the use of television content to explore Europe&apos;s rich and diverse cultural history; it will create access to items of programme content and information, and by developing a number of interactive functionalities and dynamic links with Europeana it will prove valuable to the widest range of cultural, educational and recreational users; one of the main audiovisual content aggregators for Europeana)</subfield>
  </datafield>
</record>