
<record>
  <leader>01561cz  a2200265n  4500</leader>
  <controlfield tag="001">8977860</controlfield>
  <controlfield tag="003">DLC</controlfield>
  <controlfield tag="005">20200104202604.0</controlfield>
  <controlfield tag="008">120502n| azannaabn          |a aaa      </controlfield>
  <datafield tag="010" ind1=" " ind2=" ">
    <subfield code="a">n 2012029355</subfield>
  </datafield>
  <datafield tag="035" ind1=" " ind2=" ">
    <subfield code="a">(OCoLC)oca09188281</subfield>
  </datafield>
  <datafield tag="040" ind1=" " ind2=" ">
    <subfield code="a">DLC</subfield>
    <subfield code="b">eng</subfield>
    <subfield code="e">rda</subfield>
    <subfield code="c">DLC</subfield>
    <subfield code="d">DLC</subfield>
    <subfield code="d">MoSU</subfield>
    <subfield code="d">DLC</subfield>
  </datafield>
  <datafield tag="046" ind1=" " ind2=" ">
    <subfield code="f">1960-01-13</subfield>
    <subfield code="2">edtf</subfield>
  </datafield>
  <datafield tag="100" ind1="1" ind2=" ">
    <subfield code="a">Becker, Ulrich,</subfield>
    <subfield code="d">1960 January 13-</subfield>
  </datafield>
  <datafield tag="370" ind1=" " ind2=" ">
    <subfield code="a">Aachen (Germany)</subfield>
    <subfield code="c">Germany</subfield>
    <subfield code="c">Austria</subfield>
    <subfield code="f">Graz (Austria)</subfield>
    <subfield code="2">naf</subfield>
  </datafield>
  <datafield tag="373" ind1=" " ind2=" ">
    <subfield code="a">Universalmuseum Joanneum</subfield>
    <subfield code="2">naf</subfield>
  </datafield>
  <datafield tag="374" ind1=" " ind2=" ">
    <subfield code="a">Museum curators</subfield>
    <subfield code="a">Art historians</subfield>
    <subfield code="2">lcsh</subfield>
  </datafield>
  <datafield tag="377" ind1=" " ind2=" ">
    <subfield code="a">ger</subfield>
  </datafield>
  <datafield tag="400" ind1="1" ind2=" ">
    <subfield code="w">nnea</subfield>
    <subfield code="a">Becker, Ulrich,</subfield>
    <subfield code="d">1960 Jan. 13-</subfield>
  </datafield>
  <datafield tag="667" ind1=" " ind2=" ">
    <subfield code="a">Formerly included on undifferentiated name record n  87908310</subfield>
  </datafield>
  <datafield tag="670" ind1=" " ind2=" ">
    <subfield code="a">Rembrandt (1606-1669), 2006:</subfield>
    <subfield code="b">title page (Ulrich Becker) page 303 (Dr.; Alte Galerie am Landesmuseum Joanneum)</subfield>
  </datafield>
  <datafield tag="670" ind1=" " ind2=" ">
    <subfield code="a">Studien zum flämischen Altarbau im 17. und 18. Jahrhundert, 1990:</subfield>
    <subfield code="b">title page (Ulrich Becker) page 5 (submitted this work as his doctoral thesis to the Universität Bonn in the winter semester 1987/1988)</subfield>
  </datafield>
  <datafield tag="670" ind1=" " ind2=" ">
    <subfield code="a">Email from author, May 1, 2012</subfield>
    <subfield code="b">(born January 13, 1960)</subfield>
  </datafield>
  <datafield tag="670" ind1=" " ind2=" ">
    <subfield code="a">Universalmuseum Joanneum website, viewed September 13, 2019:</subfield>
    <subfield code="b">link to Museum für Geschichte page (under Mitarbeiter/innen: Dr. Ulrich Becker, MA, Kulturhistorische Sammlung, Sammlungskurator; born 1960 near Aachen, Germany; studied art history, archaeology and German philology in Bonn; obtained his doctorate with a thesis on Flemish altars of the 17th and 18th centuries; contributor to the exhibition catalog Rembrandt (1606-1669))</subfield>
  </datafield>
  <datafield tag="953" ind1=" " ind2=" ">
    <subfield code="a">ff10</subfield>
  </datafield>
</record>