
<record>
  <leader>03987cz  a2200361n  4500</leader>
  <controlfield tag="001">9021407</controlfield>
  <controlfield tag="003">DLC</controlfield>
  <controlfield tag="005">20200104073329.0</controlfield>
  <controlfield tag="008">120619n| azannaabn          |a aaa     c</controlfield>
  <datafield tag="010" ind1=" " ind2=" ">
    <subfield code="a">no2012084144</subfield>
  </datafield>
  <datafield tag="035" ind1=" " ind2=" ">
    <subfield code="a">(OCoLC)oca09229724</subfield>
  </datafield>
  <datafield tag="040" ind1=" " ind2=" ">
    <subfield code="a">CU-A</subfield>
    <subfield code="b">eng</subfield>
    <subfield code="e">rda</subfield>
    <subfield code="c">CU-A</subfield>
    <subfield code="d">WaPS</subfield>
  </datafield>
  <datafield tag="100" ind1="1" ind2=" ">
    <subfield code="a">Zhang, Jinwen</subfield>
    <subfield code="q">(Jinwen W.)</subfield>
  </datafield>
  <datafield tag="370" ind1=" " ind2=" ">
    <subfield code="c">United States</subfield>
    <subfield code="c">China</subfield>
    <subfield code="f">Pullman (Wash.)</subfield>
    <subfield code="f">Dalian Shi (China)</subfield>
    <subfield code="f">Suzhou Shi (Jiangsu Sheng, China)</subfield>
    <subfield code="f">Lowell (Mass.)</subfield>
    <subfield code="f">Boston (Mass.)</subfield>
    <subfield code="f">Ames (Iowa)</subfield>
    <subfield code="2">naf</subfield>
  </datafield>
  <datafield tag="371" ind1=" " ind2=" ">
    <subfield code="a">School of Mechanical and Materials Engineering</subfield>
    <subfield code="a">Paccar Etb 0246</subfield>
    <subfield code="a">Washington State University</subfield>
    <subfield code="b">Pullman</subfield>
    <subfield code="c">WA</subfield>
    <subfield code="d">United States</subfield>
    <subfield code="e">99164-5815</subfield>
    <subfield code="m">jwzhang@wsu.edu</subfield>
  </datafield>
  <datafield tag="372" ind1=" " ind2=" ">
    <subfield code="a">Polymer engineering</subfield>
    <subfield code="a">Materials science</subfield>
    <subfield code="2">lcsh</subfield>
  </datafield>
  <datafield tag="373" ind1=" " ind2=" ">
    <subfield code="a">Washington State University</subfield>
    <subfield code="2">naf</subfield>
    <subfield code="s">2004</subfield>
  </datafield>
  <datafield tag="373" ind1=" " ind2=" ">
    <subfield code="a">University of Massachusetts at Lowell</subfield>
    <subfield code="2">naf</subfield>
    <subfield code="s">2000</subfield>
    <subfield code="t">2003</subfield>
  </datafield>
  <datafield tag="373" ind1=" " ind2=" ">
    <subfield code="a">Iowa State University</subfield>
    <subfield code="2">naf</subfield>
    <subfield code="s">1997</subfield>
    <subfield code="t">1999</subfield>
  </datafield>
  <datafield tag="373" ind1=" " ind2=" ">
    <subfield code="a">Bio-Crystals Corporation (Boston, Mass.)</subfield>
    <subfield code="s">1997</subfield>
    <subfield code="t">1997</subfield>
  </datafield>
  <datafield tag="373" ind1=" " ind2=" ">
    <subfield code="a">Dalian li gong da xue</subfield>
    <subfield code="a">Suzhou si chou gong xue yuan</subfield>
    <subfield code="2">naf</subfield>
  </datafield>
  <datafield tag="374" ind1=" " ind2=" ">
    <subfield code="a">Materials scientists</subfield>
    <subfield code="a">College teachers</subfield>
    <subfield code="2">lcsh</subfield>
  </datafield>
  <datafield tag="374" ind1=" " ind2=" ">
    <subfield code="a">University and college faculty members</subfield>
    <subfield code="2">lcdgt</subfield>
  </datafield>
  <datafield tag="375" ind1=" " ind2=" ">
    <subfield code="a">Males</subfield>
    <subfield code="2">lcdgt</subfield>
  </datafield>
  <datafield tag="377" ind1=" " ind2=" ">
    <subfield code="a">eng</subfield>
  </datafield>
  <datafield tag="400" ind1="1" ind2=" ">
    <subfield code="a">Zhang, J. W.</subfield>
    <subfield code="q">(Jinwen W.)</subfield>
  </datafield>
  <datafield tag="670" ind1=" " ind2=" ">
    <subfield code="a">Rosin-based chemicals and polymers, 2012:</subfield>
    <subfield code="b">t.p. (Jinwen Zhang)</subfield>
  </datafield>
  <datafield tag="670" ind1=" " ind2=" ">
    <subfield code="a">Washington State University, Composite Materials &amp; Engineering Center website, Jun. 18, 2012:</subfield>
    <subfield code="b">personnel (Jinwen Zhang; J.W. Zhang)</subfield>
  </datafield>
  <datafield tag="670" ind1=" " ind2=" ">
    <subfield code="a">Washington State University School of Mechanical and Materials Engineering (website), viewed Jan. 3, 2020:</subfield>
    <subfield code="b">Jinwen Zhang (Professor, PACCAR (PETB) 246, jwzhang@wsu.edu. Education: Ph.D. in Polymer Science, University of Massachusetts Lowell, 1996; MS in Technology of final Chemicals, Dalian University of technology (China), 1991; BS in Dyeing and Finishing, Suzhou Institute of Silk Textile Technology (China), 1984. Research Interests: Synthesis, processing and application development of biobased polymer materials; Structure and properties of polymer blends and composites; Polymer foaming and fiber spinning technologies; Polymer stabilization and flame retardancy; Polymer hydrogel and controlled release)</subfield>
    <subfield code="u">https://mme.wsu.edu/faculty/jinwen-zhang/</subfield>
  </datafield>
  <datafield tag="670" ind1=" " ind2=" ">
    <subfield code="a">Washington State University Composite Materials &amp; Engineering Center (website), viewed Jan. 3, 2020:</subfield>
    <subfield code="b">Dr. Jinwen Zhang (Professor. Education: Ph.D., Polymer Science, 1997 -- University of Massachusetts Lowell, MA; M.Eng., Technology of Fine Chemicals, 1991-- Dalian University of Technology, Dalian, China; B.Eng., Dyeing &amp; Finishing, 1984-- Suzhou Institute of Silk Textile Technology, Suzhou, China. Professional Experience: 2004-: Faculty, Composite Materials &amp; Engineering Center, WSU; 2004-: Faculty, Materials Science Program, WSU; 2009-: Affiliate Faculty, Department of Chemistry, WSU; 2005-: Affiliate Faculty, School of Mechanical &amp; Materials Engineering., WSU; 2000-2003, Research Associate, University of Massachusetts Lowell; 1997-1999, Postdoctoral Research Associate, Iowa State University, Ames, IA; 1997-1997, Consulting Chemist, Bio-Crystals Corporation, Boston, MA)</subfield>
    <subfield code="u">https://cmec.wsu.edu/person/jinwen-zhang/</subfield>
  </datafield>
  <datafield tag="670" ind1=" " ind2=" ">
    <subfield code="a">WSU Insider (website), viewed Jan. 3, 2020:</subfield>
    <subfield code="b">Researchers develop recycling for carbon fiber composites, posted May 1, 2017 (In their project, Jinwen Zhang, a professor in the School of Mechanical and Materials Engineering, and his team developed a new chemical recycling method that used mild acids as catalysts in liquid ethanol at a relatively low temperature to break down the thermosets.)</subfield>
    <subfield code="u">https://news.wsu.edu/2017/05/01/wsu-recycling-carbon-fiber-composites/</subfield>
  </datafield>
  <datafield tag="675" ind1=" " ind2=" ">
    <subfield code="a">BGMI</subfield>
  </datafield>
  <datafield tag="670" ind1=" " ind2=" ">
    <subfield code="a">Washington State University (website), viewed Jan, 3, 2020:</subfield>
    <subfield code="b">Directory (Zhang, Jinwen, Professor, MME, School of Mech and Matls Eng, Paccar Etb 0246, Pullman, WA 99164-5815, jwzhang@wsu.edu)</subfield>
    <subfield code="u">https://search.wsu.edu/default.aspx?cx=013644890599324097824:kbqgwamjoxq&amp;cof=FORID%3A11&amp;q=Zhang%2c+Jinwen+&amp;sa=Search</subfield>
  </datafield>
</record>