
<record>
  <leader>01096cz  a2200253n  4500</leader>
  <controlfield tag="001">9049539</controlfield>
  <controlfield tag="003">DLC</controlfield>
  <controlfield tag="005">20200104073322.0</controlfield>
  <controlfield tag="008">120724n| azannaabn          |n aaa      </controlfield>
  <datafield tag="010" ind1=" " ind2=" ">
    <subfield code="a">n 2012047930</subfield>
  </datafield>
  <datafield tag="035" ind1=" " ind2=" ">
    <subfield code="a">(OCoLC)oca09258959</subfield>
  </datafield>
  <datafield tag="040" ind1=" " ind2=" ">
    <subfield code="a">DLC</subfield>
    <subfield code="b">eng</subfield>
    <subfield code="e">rda</subfield>
    <subfield code="c">DLC</subfield>
    <subfield code="d">UPB</subfield>
    <subfield code="d">CU-I</subfield>
  </datafield>
  <datafield tag="046" ind1=" " ind2=" ">
    <subfield code="f">1972</subfield>
    <subfield code="2">edtf</subfield>
  </datafield>
  <datafield tag="100" ind1="1" ind2=" ">
    <subfield code="a">Hablot, Laurent,</subfield>
    <subfield code="d">1972-</subfield>
  </datafield>
  <datafield tag="372" ind1=" " ind2=" ">
    <subfield code="a">Middle Ages</subfield>
    <subfield code="2">lcsh</subfield>
  </datafield>
  <datafield tag="373" ind1=" " ind2=" ">
    <subfield code="a">Université de Poitiers</subfield>
    <subfield code="2">naf</subfield>
  </datafield>
  <datafield tag="373" ind1=" " ind2=" ">
    <subfield code="a">École française de Rome</subfield>
    <subfield code="2">naf</subfield>
  </datafield>
  <datafield tag="374" ind1=" " ind2=" ">
    <subfield code="a">College teachers</subfield>
    <subfield code="2">lcsh</subfield>
  </datafield>
  <datafield tag="375" ind1=" " ind2=" ">
    <subfield code="a">male</subfield>
  </datafield>
  <datafield tag="377" ind1=" " ind2=" ">
    <subfield code="a">fre</subfield>
  </datafield>
  <datafield tag="670" ind1=" " ind2=" ">
    <subfield code="a">Jeanne d&apos;arc, c2011:</subfield>
    <subfield code="b">t.p. (Laurent Hablot)</subfield>
  </datafield>
  <datafield tag="670" ind1=" " ind2=" ">
    <subfield code="a">BnF catalogue, July 24, 2012</subfield>
    <subfield code="b">(hdg.: Hablot, Laurent, 1972- ; usage: Laurent Hablot; b. 1972; author of Jeanne d&apos;arc, sainte ou sorcière; nationalité: France; maître de conférences en histoire médiévale à l&apos;Université de Poitiers)</subfield>
  </datafield>
  <datafield tag="670" ind1=" " ind2=" ">
    <subfield code="a">Les paysages sonores, 2015:</subfield>
    <subfield code="b">title page (Laurent Hablot) page 4 of cover (Laurent Hablot is a member of L&apos;École française de Rome; he is a professor of Medieval history at the université de Poitiers)</subfield>
  </datafield>
  <datafield tag="953" ind1=" " ind2=" ">
    <subfield code="a">bd11</subfield>
  </datafield>
</record>