
<record>
  <leader>00624cz  a2200181n  4500</leader>
  <controlfield tag="001">9112132</controlfield>
  <controlfield tag="003">DLC</controlfield>
  <controlfield tag="005">20200104073322.0</controlfield>
  <controlfield tag="008">121009n| azannaabn          |n aaa     c</controlfield>
  <datafield tag="010" ind1=" " ind2=" ">
    <subfield code="a">no2012132901</subfield>
  </datafield>
  <datafield tag="016" ind1=" " ind2=" ">
    <subfield code="a">1025D6691E</subfield>
  </datafield>
  <datafield tag="035" ind1=" " ind2=" ">
    <subfield code="a">(OCoLC)oca09320255</subfield>
  </datafield>
  <datafield tag="040" ind1=" " ind2=" ">
    <subfield code="a">UkOxU</subfield>
    <subfield code="b">eng</subfield>
    <subfield code="e">rda</subfield>
    <subfield code="c">UkOxU</subfield>
    <subfield code="d">CaOONL</subfield>
  </datafield>
  <datafield tag="042" ind1=" " ind2=" ">
    <subfield code="a">nlc</subfield>
  </datafield>
  <datafield tag="046" ind1=" " ind2=" ">
    <subfield code="f">1972</subfield>
    <subfield code="2">edtf</subfield>
  </datafield>
  <datafield tag="100" ind1="1" ind2=" ">
    <subfield code="a">Loomer, Geoffrey,</subfield>
    <subfield code="d">1972-</subfield>
  </datafield>
  <datafield tag="377" ind1=" " ind2=" ">
    <subfield code="a">eng</subfield>
  </datafield>
  <datafield tag="670" ind1=" " ind2=" ">
    <subfield code="a">Reformulating corporate residence, 2011:</subfield>
    <subfield code="b">t.p. (Geoffrey Loomer, Merton Coll.; D.Phil. thesis) author&apos;s declaration form (Fac. of Law, Univ. of Oxford) thesis cat. inf. form (Loomer, Geoffrey Thomas, b. Sept. 2, 1972)</subfield>
  </datafield>
</record>