
<record>
  <leader>02777cz  a2200289n  4500</leader>
  <controlfield tag="001">9128598</controlfield>
  <controlfield tag="003">DLC</controlfield>
  <controlfield tag="005">20200104073322.0</controlfield>
  <controlfield tag="008">121031n| azannaabn          |a aaa      </controlfield>
  <datafield tag="010" ind1=" " ind2=" ">
    <subfield code="a">nb2012025514</subfield>
  </datafield>
  <datafield tag="035" ind1=" " ind2=" ">
    <subfield code="a">(Uk)008615319</subfield>
  </datafield>
  <datafield tag="035" ind1=" " ind2=" ">
    <subfield code="a">(OCoLC)oca09338614</subfield>
  </datafield>
  <datafield tag="040" ind1=" " ind2=" ">
    <subfield code="a">Uk</subfield>
    <subfield code="b">eng</subfield>
    <subfield code="c">Uk</subfield>
    <subfield code="e">rda</subfield>
    <subfield code="d">UkOxU</subfield>
  </datafield>
  <datafield tag="046" ind1=" " ind2=" ">
    <subfield code="f">[1768,1771..1773]</subfield>
    <subfield code="g">1847-02-19</subfield>
    <subfield code="2">edtf</subfield>
  </datafield>
  <datafield tag="100" ind1="1" ind2=" ">
    <subfield code="a">Baker, G.</subfield>
    <subfield code="q">(George),</subfield>
    <subfield code="d">1768?-1847</subfield>
  </datafield>
  <datafield tag="370" ind1=" " ind2=" ">
    <subfield code="a">Exeter (England)</subfield>
    <subfield code="c">Great Britain</subfield>
    <subfield code="c">England</subfield>
    <subfield code="e">London (England)</subfield>
    <subfield code="f">Stafford (England)</subfield>
    <subfield code="f">Derby (England)</subfield>
    <subfield code="f">Rugeley (England)</subfield>
    <subfield code="2">naf</subfield>
  </datafield>
  <datafield tag="372" ind1=" " ind2=" ">
    <subfield code="a">Organ music</subfield>
    <subfield code="a">Piano music</subfield>
    <subfield code="a">Composition (Music)</subfield>
    <subfield code="2">lcsh</subfield>
  </datafield>
  <datafield tag="374" ind1=" " ind2=" ">
    <subfield code="a">Organists</subfield>
    <subfield code="a">Violinists</subfield>
    <subfield code="a">Pianists</subfield>
    <subfield code="a">Composers</subfield>
    <subfield code="2">lcsh</subfield>
  </datafield>
  <datafield tag="375" ind1=" " ind2=" ">
    <subfield code="a">Males</subfield>
    <subfield code="2">lcsh</subfield>
  </datafield>
  <datafield tag="377" ind1=" " ind2=" ">
    <subfield code="a">eng</subfield>
  </datafield>
  <datafield tag="378" ind1=" " ind2=" ">
    <subfield code="q">George</subfield>
  </datafield>
  <datafield tag="400" ind1="1" ind2=" ">
    <subfield code="a">Baker, George,</subfield>
    <subfield code="d">1768?-1847</subfield>
  </datafield>
  <datafield tag="400" ind1="1" ind2=" ">
    <subfield code="a">Baker, George,</subfield>
    <subfield code="d">1773?-1847</subfield>
  </datafield>
  <datafield tag="670" ind1=" " ind2=" ">
    <subfield code="a">Breathe soft ye winds, [ca. 1790]:</subfield>
    <subfield code="b">title page (G. Baker)</subfield>
  </datafield>
  <datafield tag="670" ind1=" " ind2=" ">
    <subfield code="a">Grove Dictionary of Music, 1954, 5th ed.:</subfield>
    <subfield code="b">(George Baker; born Exeter, 1768, died 19 February 1847; organist and composer)</subfield>
  </datafield>
  <datafield tag="670" ind1=" " ind2=" ">
    <subfield code="a">RISM online, viewed November 6, 2019</subfield>
    <subfield code="b">Baker, George (Name: Baker, George (1768-1847) Nationality: United Kingdom. Place: Stafford, Rugeley, Derby, Exeter. Profession: Violinist, Composer, Organist. Lexica: Brown-Stratton BMB: Baker, George [1773c-1847] DEUMM/b suppl.: Baker, George [1768-1847] EitnerQ: Baker, George [1768c-1847] Grove 5: Baker, George [1768-1847])</subfield>
  </datafield>
  <datafield tag="670" ind1=" " ind2=" ">
    <subfield code="a">A biographical dictionary of actors, actresses, musicians, dancers, managers, and other stage personnel in London, 1660-1800, 1973:</subfield>
    <subfield code="b">page 223 (Baker, George 1773?-1847; organist, violinist, pianist, composer; Grove&apos;s Dictionary dates his birth as 1768 but he gave his age as 24 when he matriculated at Oxford in 1797; he studied under the locally renowned composer Hugh Bond, and was later a pupil of William Jackson; by his 16th year he was leader of concerts in his neighbourhood; when he was about 17 he came to London as the protégé of the Earl of Uxbridge who, according to Sainsbury, subsidized his lessons on the violin under Cramer the elder and on the pianoforte under Dussek; Uxbridge also arranged public performances in the Hanover Square Rooms, where Baker performed his famous piece The Storm; in 1794 he was appointed organist of St Mary&apos;s, Stafford; the Alumni Oxoniensis states that he was 24 years old when he matriculated at St Edmund Hall on July 1, 1797; he resigned from St Mary&apos;s in 1800 after an unhappy tenure; in 1810 he was appointed as organist at All Saints, Derby, and in 1824 he went as organist to Rugeley, where he remained in tenure until his death on February 19, 1847; he composed many songs for the theatrical singer Incledon and also composed some glees, a number of organ voluntaries, pianforte sonatas, and anthems)</subfield>
  </datafield>
</record>