
<record>
  <leader>01068cz  a2200241n  4500</leader>
  <controlfield tag="001">9154212</controlfield>
  <controlfield tag="003">DLC</controlfield>
  <controlfield tag="005">20200104073323.0</controlfield>
  <controlfield tag="008">121207n| azannaabn          |b aaa     c</controlfield>
  <datafield tag="010" ind1=" " ind2=" ">
    <subfield code="a">no2012155109</subfield>
  </datafield>
  <datafield tag="035" ind1=" " ind2=" ">
    <subfield code="a">(OCoLC)oca09361367</subfield>
  </datafield>
  <datafield tag="040" ind1=" " ind2=" ">
    <subfield code="a">UkOxU</subfield>
    <subfield code="b">eng</subfield>
    <subfield code="e">rda</subfield>
    <subfield code="c">UkOxU</subfield>
    <subfield code="d">HkCU</subfield>
  </datafield>
  <datafield tag="046" ind1=" " ind2=" ">
    <subfield code="f">1983-04-08</subfield>
    <subfield code="2">edtf</subfield>
  </datafield>
  <datafield tag="100" ind1="1" ind2=" ">
    <subfield code="a">Ip, Ka-Wai,</subfield>
    <subfield code="d">1983-</subfield>
  </datafield>
  <datafield tag="372" ind1=" " ind2=" ">
    <subfield code="a">Political science</subfield>
    <subfield code="2">lcsh</subfield>
  </datafield>
  <datafield tag="373" ind1=" " ind2=" ">
    <subfield code="a">Hong Kong Baptist University. Department of Government and International Studies</subfield>
  </datafield>
  <datafield tag="374" ind1=" " ind2=" ">
    <subfield code="a">College teachers</subfield>
    <subfield code="2">lcsh</subfield>
  </datafield>
  <datafield tag="400" ind1="1" ind2=" ">
    <subfield code="a">Ye, Jiawei,</subfield>
    <subfield code="d">1983-</subfield>
  </datafield>
  <datafield tag="400" ind1="1" ind2=" ">
    <subfield code="a">葉家威,</subfield>
    <subfield code="d">1983-</subfield>
  </datafield>
  <datafield tag="400" ind1="1" ind2=" ">
    <subfield code="a">Ip, Kevin K. W.,</subfield>
    <subfield code="d">1983-</subfield>
  </datafield>
  <datafield tag="667" ind1=" " ind2=" ">
    <subfield code="a">Non-Latin script reference not evaluated.</subfield>
  </datafield>
  <datafield tag="670" ind1=" " ind2=" ">
    <subfield code="a">Equality and global justice, 2012:</subfield>
    <subfield code="b">t.p. (Ka-Wai Ip, St. Antony&apos;s Coll.; D.Phil. thesis in politics, Univ. of Oxford) thesis cat. inf. form (b. Apr. 8, 1983)</subfield>
  </datafield>
  <datafield tag="670" ind1=" " ind2=" ">
    <subfield code="a">Quan qiu zheng yi yu pu shi jia zhi, 2019: $$b t.p. (葉家威 = Ye Jiawei) colophon (Kevin K. W. Ip) biog. (associate professor of Department of Government and International Studies, Hong Kong Baptist University)</subfield>
  </datafield>
</record>