
<record>
  <leader>01086cz  a2200265n  4500</leader>
  <controlfield tag="001">9172600</controlfield>
  <controlfield tag="003">DLC</controlfield>
  <controlfield tag="005">20200104073323.0</controlfield>
  <controlfield tag="008">130110n| azannaabn          |a aaa      </controlfield>
  <datafield tag="010" ind1=" " ind2=" ">
    <subfield code="a">n 2013001481</subfield>
  </datafield>
  <datafield tag="016" ind1=" " ind2=" ">
    <subfield code="a">1023B6838E</subfield>
  </datafield>
  <datafield tag="035" ind1=" " ind2=" ">
    <subfield code="a">(OCoLC)oca09381741</subfield>
  </datafield>
  <datafield tag="040" ind1=" " ind2=" ">
    <subfield code="a">DLC</subfield>
    <subfield code="b">eng</subfield>
    <subfield code="e">rda</subfield>
    <subfield code="c">DLC</subfield>
    <subfield code="d">NcD</subfield>
    <subfield code="d">CaOONL</subfield>
  </datafield>
  <datafield tag="042" ind1=" " ind2=" ">
    <subfield code="a">nlc</subfield>
  </datafield>
  <datafield tag="046" ind1=" " ind2=" ">
    <subfield code="f">1991</subfield>
    <subfield code="2">edtf</subfield>
  </datafield>
  <datafield tag="053" ind1=" " ind2="0">
    <subfield code="a">PQ3919.3.K36</subfield>
  </datafield>
  <datafield tag="100" ind1="1" ind2=" ">
    <subfield code="a">Kanapé Fontaine, Natasha,</subfield>
    <subfield code="d">1991-</subfield>
  </datafield>
  <datafield tag="370" ind1=" " ind2=" ">
    <subfield code="a">Baie-Comeau (Québec)</subfield>
    <subfield code="e">Montréal (Québec)</subfield>
    <subfield code="2">naf</subfield>
  </datafield>
  <datafield tag="400" ind1="1" ind2=" ">
    <subfield code="a">Fontaine, Natasha Kanapé,</subfield>
    <subfield code="d">1991-</subfield>
  </datafield>
  <datafield tag="670" ind1=" " ind2=" ">
    <subfield code="a">Her N&apos;entre pas dans mon âme avec tes chaussures, 2012. CIP.‏</subfield>
  </datafield>
  <datafield tag="670" ind1=" " ind2=" ">
    <subfield code="a">Info. CIP (Mémoire d&apos;encrier):‏ ‎</subfield>
    <subfield code="b">(date; Canadian)‏</subfield>
  </datafield>
  <datafield tag="670" ind1=" " ind2=" ">
    <subfield code="a">N&apos;entre pas dans mon âme avec tes chaussures, 2012:</subfield>
    <subfield code="b">t.p. (Natasha Kanapé Fontaine)</subfield>
  </datafield>
  <datafield tag="670" ind1=" " ind2=" ">
    <subfield code="a">LAC in VIAF 2013-01-10</subfield>
    <subfield code="b">(hdg.: Kanapé Fontaine, Natasha, 1991-)</subfield>
  </datafield>
  <datafield tag="670" ind1=" " ind2=" ">
    <subfield code="a">Assi manifesto, 2016:</subfield>
    <subfield code="b">t.p. (Natasha Kanapé Fontaine) p. 82 (b. 1991 in Baie-Comeau; Pessamit Innu; slam poet, painter, actor, indigenous rights activist; lives in Montreal)</subfield>
  </datafield>
  <datafield tag="953" ind1=" " ind2=" ">
    <subfield code="a">hc11</subfield>
  </datafield>
</record>