
<record>
  <leader>01133cz  a2200229n  4500</leader>
  <controlfield tag="001">9184699</controlfield>
  <controlfield tag="003">DLC</controlfield>
  <controlfield tag="005">20200104073323.0</controlfield>
  <controlfield tag="008">130128n| azannaabn          |b aaa     c</controlfield>
  <datafield tag="010" ind1=" " ind2=" ">
    <subfield code="a">no2013009400</subfield>
  </datafield>
  <datafield tag="035" ind1=" " ind2=" ">
    <subfield code="a">(OCoLC)oca09392112</subfield>
  </datafield>
  <datafield tag="040" ind1=" " ind2=" ">
    <subfield code="a">InU</subfield>
    <subfield code="b">eng</subfield>
    <subfield code="e">rda</subfield>
    <subfield code="c">InU</subfield>
    <subfield code="d">InU</subfield>
  </datafield>
  <datafield tag="046" ind1=" " ind2=" ">
    <subfield code="f">1973</subfield>
    <subfield code="2">edtf</subfield>
  </datafield>
  <datafield tag="100" ind1="1" ind2=" ">
    <subfield code="a">Balashov, A. M.</subfield>
    <subfield code="q">(Alekseĭ Mikhaĭlovich)</subfield>
  </datafield>
  <datafield tag="373" ind1=" " ind2=" ">
    <subfield code="a">Novosibirskiĭ gosudarstvennyĭ pedagogicheskiĭ universitet</subfield>
    <subfield code="2">naf</subfield>
  </datafield>
  <datafield tag="374" ind1=" " ind2=" ">
    <subfield code="a">Economists</subfield>
    <subfield code="2">lcsh</subfield>
  </datafield>
  <datafield tag="400" ind1="1" ind2=" ">
    <subfield code="a">Балашов, А. М.</subfield>
    <subfield code="q">(Алексей Михайлович)</subfield>
  </datafield>
  <datafield tag="400" ind1="1" ind2=" ">
    <subfield code="a">Балашов, Алексей Михайлович</subfield>
  </datafield>
  <datafield tag="400" ind1="1" ind2=" ">
    <subfield code="a">Balashov, Alekseĭ Mikhaĭlovich</subfield>
  </datafield>
  <datafield tag="667" ind1=" " ind2=" ">
    <subfield code="a">Non-Latin script references not evaluated.</subfield>
  </datafield>
  <datafield tag="670" ind1=" " ind2=" ">
    <subfield code="a">Vozrozhdenie i razvitie predprinimatelʹstva v Rossii v period nepa (gosudarstvenno-chastnoe partnërstvo s uchastiem inostrannogo kapitala), 2012:</subfield>
    <subfield code="b">t.p. (A.M. Balashov) colophon (Balashov Alekseĭ Mikhaĭlovich)</subfield>
  </datafield>
  <datafield tag="670" ind1=" " ind2=" ">
    <subfield code="a">Amazon.com, Jan. 3, 2020</subfield>
    <subfield code="b">review of M.N. Bagdygin i ego uchilishche (Balashov Alekseĭ Mikhaĭlovich, author; b. 1973; Dot︠s︡ent at Novosibitsk State Pedagogical Univ.)</subfield>
  </datafield>
</record>