
<record>
  <leader>00888cz  a2200229n  4500</leader>
  <controlfield tag="001">9191433</controlfield>
  <controlfield tag="003">DLC</controlfield>
  <controlfield tag="005">20200104073323.0</controlfield>
  <controlfield tag="008">130205n| azaabaaan          |a ana     c</controlfield>
  <datafield tag="010" ind1=" " ind2=" ">
    <subfield code="a">no2013013277</subfield>
  </datafield>
  <datafield tag="035" ind1=" " ind2=" ">
    <subfield code="a">(OCoLC)oca09399267</subfield>
  </datafield>
  <datafield tag="040" ind1=" " ind2=" ">
    <subfield code="a">TnLvILS</subfield>
    <subfield code="b">eng</subfield>
    <subfield code="e">rda</subfield>
    <subfield code="c">TnLvILS</subfield>
    <subfield code="d">CaBVaU</subfield>
    <subfield code="d">CLU</subfield>
  </datafield>
  <datafield tag="130" ind1=" " ind2="0">
    <subfield code="a">SUNY series in multiethnic literature</subfield>
  </datafield>
  <datafield tag="380" ind1=" " ind2=" ">
    <subfield code="a">Series (Publications)</subfield>
    <subfield code="a">Monographic series</subfield>
    <subfield code="2">lcsh</subfield>
  </datafield>
  <datafield tag="410" ind1="2" ind2=" ">
    <subfield code="a">State University of New York.</subfield>
    <subfield code="t">SUNY series in multiethnic literature</subfield>
  </datafield>
  <datafield tag="430" ind1=" " ind2="0">
    <subfield code="a">SUNY series in multiethnic literatures</subfield>
  </datafield>
  <datafield tag="643" ind1=" " ind2=" ">
    <subfield code="a">Albany</subfield>
    <subfield code="b">State University of New York Press</subfield>
  </datafield>
  <datafield tag="644" ind1=" " ind2=" ">
    <subfield code="a">f</subfield>
    <subfield code="5">TnLvILS</subfield>
  </datafield>
  <datafield tag="645" ind1=" " ind2=" ">
    <subfield code="a">t</subfield>
    <subfield code="5">DPCC</subfield>
    <subfield code="5">TnLvILS</subfield>
  </datafield>
  <datafield tag="646" ind1=" " ind2=" ">
    <subfield code="a">s</subfield>
    <subfield code="5">TnLvILS</subfield>
  </datafield>
  <datafield tag="670" ind1=" " ind2=" ">
    <subfield code="a">Black Harlem and the Jewish Lower East Side, c2013:</subfield>
    <subfield code="b">ser. t.p. (SUNY series in multiethnic literature)</subfield>
  </datafield>
  <datafield tag="670" ind1=" " ind2=" ">
    <subfield code="a">The state of race, 2019:</subfield>
    <subfield code="b">series title page (SUNY series in multiethnic literatures)</subfield>
  </datafield>
</record>