
<record>
  <leader>00516cz  a2200157n  4500</leader>
  <controlfield tag="001">9293082</controlfield>
  <controlfield tag="003">DLC</controlfield>
  <controlfield tag="005">20200104073324.0</controlfield>
  <controlfield tag="008">130619n| azannaabn          |n aaa     c</controlfield>
  <datafield tag="010" ind1=" " ind2=" ">
    <subfield code="a">no2013066575</subfield>
  </datafield>
  <datafield tag="035" ind1=" " ind2=" ">
    <subfield code="a">(OCoLC)oca09500276</subfield>
  </datafield>
  <datafield tag="040" ind1=" " ind2=" ">
    <subfield code="a">ICU</subfield>
    <subfield code="b">eng</subfield>
    <subfield code="e">rda</subfield>
    <subfield code="c">ICU</subfield>
    <subfield code="d">NNC</subfield>
  </datafield>
  <datafield tag="100" ind1="1" ind2=" ">
    <subfield code="a">Pitsch, Hagen</subfield>
  </datafield>
  <datafield tag="370" ind1=" " ind2=" ">
    <subfield code="e">Göttingen (Germany)</subfield>
    <subfield code="2">naf</subfield>
  </datafield>
  <datafield tag="670" ind1=" " ind2=" ">
    <subfield code="a">Formal description of Slavic languages, 2013:</subfield>
    <subfield code="b">t.p. (Hagen Pitsch)</subfield>
  </datafield>
  <datafield tag="670" ind1=" " ind2=" ">
    <subfield code="a">Linguistische Beiträge zur Slavistik, 2014:</subfield>
    <subfield code="b">title page (Hagen Pitsch) page 137 (Göttingen)</subfield>
  </datafield>
</record>