
<record>
  <leader>01046cz  a2200205n  4500</leader>
  <controlfield tag="001">9294350</controlfield>
  <controlfield tag="003">DLC</controlfield>
  <controlfield tag="005">20200104073324.0</controlfield>
  <controlfield tag="008">130620n| azannaabn          |n aaa     c</controlfield>
  <datafield tag="010" ind1=" " ind2=" ">
    <subfield code="a">no2013067153</subfield>
  </datafield>
  <datafield tag="035" ind1=" " ind2=" ">
    <subfield code="a">(OCoLC)oca09501368</subfield>
  </datafield>
  <datafield tag="040" ind1=" " ind2=" ">
    <subfield code="a">ICrlF</subfield>
    <subfield code="b">eng</subfield>
    <subfield code="e">rda</subfield>
    <subfield code="c">ICrlF</subfield>
    <subfield code="d">MH</subfield>
  </datafield>
  <datafield tag="100" ind1="1" ind2=" ">
    <subfield code="a">Fisher, Michael L.</subfield>
  </datafield>
  <datafield tag="370" ind1=" " ind2=" ">
    <subfield code="e">Amherst, N.Y.</subfield>
  </datafield>
  <datafield tag="374" ind1=" " ind2=" ">
    <subfield code="a">Educational consultant</subfield>
    <subfield code="a">Instructional coach</subfield>
  </datafield>
  <datafield tag="375" ind1=" " ind2=" ">
    <subfield code="a">male</subfield>
  </datafield>
  <datafield tag="377" ind1=" " ind2=" ">
    <subfield code="a">eng</subfield>
  </datafield>
  <datafield tag="667" ind1=" " ind2=" ">
    <subfield code="a">Record reported for deletion in favor of LCCN n 2013069469</subfield>
  </datafield>
  <datafield tag="670" ind1=" " ind2=" ">
    <subfield code="a">Hale, Janet A. Upgrade your curriculum, c2013 :</subfield>
    <subfield code="b">t.p. (Michael Fisher) p. 175 (Michael Fisher is an instructional coach and educational consultant specializing in the intersection between instructional technology and curriculum design. Michael holds a bachelor&apos;s degree in science from the University of North Carolina at Wilmington, a master&apos;s degree in English from Buffalo State College. Michael resides in Amherst, New York. his website (www.digigogy.com))</subfield>
  </datafield>
  <datafield tag="670" ind1=" " ind2=" ">
    <subfield code="a">His website, June 20, 2013</subfield>
    <subfield code="b">(Michael L. Fisher, Amherst, NY)</subfield>
  </datafield>
</record>