
<record>
  <leader>01099cz  a2200229n  4500</leader>
  <controlfield tag="001">9314555</controlfield>
  <controlfield tag="003">DLC</controlfield>
  <controlfield tag="005">20200104073324.0</controlfield>
  <controlfield tag="008">130717n| azannaabn          |n aaa     c</controlfield>
  <datafield tag="010" ind1=" " ind2=" ">
    <subfield code="a">no2013075721</subfield>
  </datafield>
  <datafield tag="035" ind1=" " ind2=" ">
    <subfield code="a">(OCoLC)oca09521762</subfield>
  </datafield>
  <datafield tag="040" ind1=" " ind2=" ">
    <subfield code="a">PPiU</subfield>
    <subfield code="b">eng</subfield>
    <subfield code="e">rda</subfield>
    <subfield code="c">PPiU</subfield>
    <subfield code="d">CU-I</subfield>
  </datafield>
  <datafield tag="046" ind1=" " ind2=" ">
    <subfield code="f">19760615</subfield>
  </datafield>
  <datafield tag="100" ind1="1" ind2=" ">
    <subfield code="a">Nagy, Róbert,</subfield>
    <subfield code="d">1976-</subfield>
  </datafield>
  <datafield tag="370" ind1=" " ind2=" ">
    <subfield code="a">Vulcan, jud. Hunedoara, Romania</subfield>
  </datafield>
  <datafield tag="372" ind1=" " ind2=" ">
    <subfield code="a">History, Modern</subfield>
    <subfield code="a">Economic history</subfield>
    <subfield code="2">lcsh</subfield>
  </datafield>
  <datafield tag="373" ind1=" " ind2=" ">
    <subfield code="a">Universitatea &quot;Babeș-Bolyai&quot;, Facultatea de Istorie și Filosofie</subfield>
    <subfield code="s">2002</subfield>
  </datafield>
  <datafield tag="374" ind1=" " ind2=" ">
    <subfield code="a">Historians</subfield>
    <subfield code="a">College teachers</subfield>
    <subfield code="2">lcsh</subfield>
  </datafield>
  <datafield tag="375" ind1=" " ind2=" ">
    <subfield code="a">male</subfield>
  </datafield>
  <datafield tag="378" ind1=" " ind2=" ">
    <subfield code="q">Róbert-Miklos</subfield>
  </datafield>
  <datafield tag="670" ind1=" " ind2=" ">
    <subfield code="a">His Capitalul--forță a transformării, 2011:</subfield>
    <subfield code="b">title page (Róbert Nagy)</subfield>
  </datafield>
  <datafield tag="670" ind1=" " ind2=" ">
    <subfield code="a">Universitatea &quot;Babeș-Bolyai&quot;, Facultatea de Istorie și Filosofie website, viewed July 17, 2013</subfield>
    <subfield code="b">Nagy Róbert CV page (Nagy Róbert-Miklos; born 15 June 1976, Vulcan, jud. Hunedoara; historian, specializing in modern history, economic history; since 2002 assistent professor at Facultatea de Istorie și Filosofie)</subfield>
    <subfield code="u">http://hiphi.ubbcluj.ro/personal/nagy_robert/cv.html</subfield>
  </datafield>
</record>