
<record>
  <leader>00502cz  a2200145n  4500</leader>
  <controlfield tag="001">9319004</controlfield>
  <controlfield tag="003">DLC</controlfield>
  <controlfield tag="005">20200104073325.0</controlfield>
  <controlfield tag="008">130723n| azannaabn          |n aaa      </controlfield>
  <datafield tag="010" ind1=" " ind2=" ">
    <subfield code="a">n 2013045641</subfield>
  </datafield>
  <datafield tag="035" ind1=" " ind2=" ">
    <subfield code="a">(OCoLC)oca09527324</subfield>
  </datafield>
  <datafield tag="040" ind1=" " ind2=" ">
    <subfield code="a">DLC</subfield>
    <subfield code="b">eng</subfield>
    <subfield code="c">DLC</subfield>
    <subfield code="e">rda</subfield>
    <subfield code="d">CU-I</subfield>
  </datafield>
  <datafield tag="100" ind1="1" ind2=" ">
    <subfield code="a">Wood, Elizabeth E.</subfield>
  </datafield>
  <datafield tag="670" ind1=" " ind2=" ">
    <subfield code="a">Objects of experience, 2013:</subfield>
    <subfield code="b">ECIP t.p. (Elizabeth Wood) data view (Elizabeth Elee Wood, associate professor in museum studies at Indiana University/Purdue University Indianapolis)</subfield>
  </datafield>
  <datafield tag="953" ind1=" " ind2=" ">
    <subfield code="a">re08</subfield>
  </datafield>
</record>