
<record>
  <leader>00873cz  a2200205n  4500</leader>
  <controlfield tag="001">9410936</controlfield>
  <controlfield tag="003">DLC</controlfield>
  <controlfield tag="005">20200104073304.0</controlfield>
  <controlfield tag="008">131118n| azannaabn          |a aaa     c</controlfield>
  <datafield tag="010" ind1=" " ind2=" ">
    <subfield code="a">no2013128861</subfield>
  </datafield>
  <datafield tag="035" ind1=" " ind2=" ">
    <subfield code="a">(OCoLC)oca09617822</subfield>
  </datafield>
  <datafield tag="040" ind1=" " ind2=" ">
    <subfield code="a">IEN</subfield>
    <subfield code="b">eng</subfield>
    <subfield code="e">rda</subfield>
    <subfield code="c">IEN</subfield>
    <subfield code="d">DLC</subfield>
    <subfield code="d">CU-I</subfield>
  </datafield>
  <datafield tag="100" ind1="1" ind2=" ">
    <subfield code="a">Arrington, Andrea L.</subfield>
  </datafield>
  <datafield tag="375" ind1=" " ind2=" ">
    <subfield code="a">female</subfield>
  </datafield>
  <datafield tag="377" ind1=" " ind2=" ">
    <subfield code="a">eng</subfield>
  </datafield>
  <datafield tag="400" ind1="1" ind2=" ">
    <subfield code="w">nne</subfield>
    <subfield code="a">Arrington, Andrea</subfield>
  </datafield>
  <datafield tag="400" ind1="1" ind2=" ">
    <subfield code="a">Arrington-Sirois, Andrea L.</subfield>
  </datafield>
  <datafield tag="670" ind1=" " ind2=" ">
    <subfield code="a">African world histories, 2015:</subfield>
    <subfield code="b">ECIP t.p. (Andrea Arrington, University of Arkansas) bk t.p. (Andrea L. Arrington)</subfield>
  </datafield>
  <datafield tag="670" ind1=" " ind2=" ">
    <subfield code="a">OCLC, Nov. 18, 20163</subfield>
    <subfield code="b">(access point: Arrington, Andrea L.; usage: Andrea L. Arrington) back cover (Andrea L. Arrington is assistant professor of history at the University of Arkansas)</subfield>
  </datafield>
  <datafield tag="670" ind1=" " ind2=" ">
    <subfield code="a">Victoria Falls and Colonial Imagination in British Southern Africa, 2017:</subfield>
    <subfield code="b">t.p. (Andrea L. Arrington-Sirois)</subfield>
  </datafield>
</record>