
<record>
  <leader>01389cz  a2200229n  4500</leader>
  <controlfield tag="001">9414711</controlfield>
  <controlfield tag="003">DLC</controlfield>
  <controlfield tag="005">20200104073304.0</controlfield>
  <controlfield tag="008">131122n| azannaabn          |a aaa      </controlfield>
  <datafield tag="010" ind1=" " ind2=" ">
    <subfield code="a">n 2013069469</subfield>
  </datafield>
  <datafield tag="035" ind1=" " ind2=" ">
    <subfield code="a">(OCoLC)oca09622704</subfield>
  </datafield>
  <datafield tag="040" ind1=" " ind2=" ">
    <subfield code="a">DLC</subfield>
    <subfield code="b">eng</subfield>
    <subfield code="c">DLC</subfield>
    <subfield code="e">rda</subfield>
    <subfield code="d">MH</subfield>
  </datafield>
  <datafield tag="100" ind1="1" ind2=" ">
    <subfield code="a">Fisher, Michael</subfield>
    <subfield code="c">(Instructional technology staff developer)</subfield>
  </datafield>
  <datafield tag="370" ind1=" " ind2=" ">
    <subfield code="e">Amherst (N.Y.)</subfield>
    <subfield code="2">naf</subfield>
  </datafield>
  <datafield tag="374" ind1=" " ind2=" ">
    <subfield code="a">Educational consultant</subfield>
    <subfield code="a">Instructional coach</subfield>
  </datafield>
  <datafield tag="400" ind1="1" ind2=" ">
    <subfield code="a">Fisher, Mike</subfield>
    <subfield code="c">(Instructional technology staff developer)</subfield>
  </datafield>
  <datafield tag="400" ind1="1" ind2=" ">
    <subfield code="w">nne</subfield>
    <subfield code="a">Fisher, Michael L.</subfield>
  </datafield>
  <datafield tag="670" ind1=" " ind2=" ">
    <subfield code="a">Digital learning strategies, 2013:</subfield>
    <subfield code="b">ECIP t.p. (Michael Fisher)</subfield>
  </datafield>
  <datafield tag="670" ind1=" " ind2=" ">
    <subfield code="a">Mike Fisher (mikefisher821)&apos;s public profile in the Diigo Community, viewed Nov. 22, 2013</subfield>
    <subfield code="b">(&quot;I am a nationally certified staff developer in instructional technology in western New York&quot;)</subfield>
  </datafield>
  <datafield tag="670" ind1=" " ind2=" ">
    <subfield code="a">Hale, Janet A. Upgrade your curriculum, c2013 :</subfield>
    <subfield code="b">t.p. (Michael Fisher) p. 175 (Michael Fisher is an instructional coach and educational consultant specializing in the intersection between instructional technology and curriculum design. Michael holds a bachelor&apos;s degree in science from the University of North Carolina at Wilmington, a master&apos;s degree in English from Buffalo State College. Michael resides in Amherst, New York. his website (www.digigogy.com )</subfield>
  </datafield>
  <datafield tag="670" ind1=" " ind2=" ">
    <subfield code="a">His website, June 20, 2013</subfield>
    <subfield code="b">(Michael L. Fisher, Amherst, NY)</subfield>
  </datafield>
  <datafield tag="953" ind1=" " ind2=" ">
    <subfield code="a">re09</subfield>
  </datafield>
</record>