
<record>
  <leader>00864cz  a2200217n  4500</leader>
  <controlfield tag="001">9485910</controlfield>
  <controlfield tag="003">DLC</controlfield>
  <controlfield tag="005">20200104073304.0</controlfield>
  <controlfield tag="008">140227n| azannaabn          |n aaa     c</controlfield>
  <datafield tag="010" ind1=" " ind2=" ">
    <subfield code="a">no2014026719</subfield>
  </datafield>
  <datafield tag="035" ind1=" " ind2=" ">
    <subfield code="a">(OCoLC)oca09691336</subfield>
  </datafield>
  <datafield tag="040" ind1=" " ind2=" ">
    <subfield code="a">NjP</subfield>
    <subfield code="b">eng</subfield>
    <subfield code="e">rda</subfield>
    <subfield code="c">NjP</subfield>
    <subfield code="d">PPi-MA</subfield>
  </datafield>
  <datafield tag="046" ind1=" " ind2=" ">
    <subfield code="f">1972</subfield>
    <subfield code="2">edtf</subfield>
  </datafield>
  <datafield tag="100" ind1="1" ind2=" ">
    <subfield code="a">Aydin, Özg̈ur,</subfield>
    <subfield code="d">1972-</subfield>
  </datafield>
  <datafield tag="370" ind1=" " ind2=" ">
    <subfield code="a">Colorado</subfield>
    <subfield code="e">Berlin (Germany)</subfield>
    <subfield code="c">Turkey</subfield>
    <subfield code="c">United States</subfield>
    <subfield code="2">naf</subfield>
  </datafield>
  <datafield tag="374" ind1=" " ind2=" ">
    <subfield code="a">Pianists</subfield>
    <subfield code="2">lcsh</subfield>
  </datafield>
  <datafield tag="375" ind1=" " ind2=" ">
    <subfield code="a">Males</subfield>
    <subfield code="2">lcdgt</subfield>
  </datafield>
  <datafield tag="670" ind1=" " ind2=" ">
    <subfield code="a">Violin sonatas, 2013:</subfield>
    <subfield code="b">label (Özgür Aydin) insert (Turkish-American pianist)</subfield>
  </datafield>
  <datafield tag="670" ind1=" " ind2=" ">
    <subfield code="a">OCLC, Feb. 19, 2014</subfield>
    <subfield code="b">(hdg: Aydin, Özgür, 1972-)</subfield>
  </datafield>
  <datafield tag="670" ind1=" " ind2=" ">
    <subfield code="a">Özgür Aydin WWW site, January 3, 2020</subfield>
    <subfield code="b">(Özgür Aydin; pianist; born Colorado, to Turkish parents; lives in Berlin)</subfield>
  </datafield>
  <datafield tag="670" ind1=" " ind2=" ">
    <subfield code="a">Turkish Cultural Foundation WWW site, January 3, 2020</subfield>
    <subfield code="b">(Özgür Aydın; born 1972, Colorado)</subfield>
  </datafield>
</record>