
<record>
  <leader>01259cz  a2200265n  4500</leader>
  <controlfield tag="001">9518493</controlfield>
  <controlfield tag="003">DLC</controlfield>
  <controlfield tag="005">20200104073305.0</controlfield>
  <controlfield tag="008">140403n| azannaabn          |b aaa      </controlfield>
  <datafield tag="010" ind1=" " ind2=" ">
    <subfield code="a">n 2014017927</subfield>
  </datafield>
  <datafield tag="035" ind1=" " ind2=" ">
    <subfield code="a">(OCoLC)oca09725452</subfield>
  </datafield>
  <datafield tag="040" ind1=" " ind2=" ">
    <subfield code="a">DLC</subfield>
    <subfield code="b">eng</subfield>
    <subfield code="e">rda</subfield>
    <subfield code="c">DLC</subfield>
    <subfield code="d">InU</subfield>
  </datafield>
  <datafield tag="046" ind1=" " ind2=" ">
    <subfield code="f">1970-07-14</subfield>
    <subfield code="2">edtf</subfield>
  </datafield>
  <datafield tag="100" ind1="1" ind2=" ">
    <subfield code="a">Mordovt︠s︡ev, A. I︠U︡.</subfield>
    <subfield code="q">(Andreĭ I︠U︡rʹevich)</subfield>
  </datafield>
  <datafield tag="370" ind1=" " ind2=" ">
    <subfield code="c">Russia (Federation)</subfield>
    <subfield code="2">naf</subfield>
  </datafield>
  <datafield tag="372" ind1=" " ind2=" ">
    <subfield code="a">Law</subfield>
    <subfield code="2">lcsh</subfield>
  </datafield>
  <datafield tag="373" ind1=" " ind2=" ">
    <subfield code="a">Taganrogskiĭ institut upravlenii︠a︡ i ėkonomiki</subfield>
    <subfield code="2">naf</subfield>
  </datafield>
  <datafield tag="375" ind1=" " ind2=" ">
    <subfield code="a">male</subfield>
  </datafield>
  <datafield tag="377" ind1=" " ind2=" ">
    <subfield code="a">rus</subfield>
  </datafield>
  <datafield tag="400" ind1="1" ind2=" ">
    <subfield code="a">Мордовцев, А. Ю.</subfield>
    <subfield code="q">(Андрей Юрьевич)</subfield>
  </datafield>
  <datafield tag="400" ind1="1" ind2=" ">
    <subfield code="a">Mordovt︠s︡ev, Andreĭ I︠U︡rʹevich</subfield>
  </datafield>
  <datafield tag="400" ind1="1" ind2=" ">
    <subfield code="a">Мордовцев, Андрей Юрьевич</subfield>
  </datafield>
  <datafield tag="667" ind1=" " ind2=" ">
    <subfield code="a">Non-Latin script reference not evaluated</subfield>
  </datafield>
  <datafield tag="670" ind1=" " ind2=" ">
    <subfield code="a">Gosudarstvennai︠a︡ vlastʹ, 2013:</subfield>
    <subfield code="b">t.p. (Мордовцев А. Ю. = Mordovt︠s︡ev A.I︠U︡.) colophon (Мордовцев Андрей Юрьевич = Mordovt︠s︡ev Andreĭ I︠U︡rʹevich)</subfield>
  </datafield>
  <datafield tag="670" ind1=" " ind2=" ">
    <subfield code="a">Istoricheskiĭ Taganrog website, Jan. 3, 2020</subfield>
    <subfield code="b">(Mordovt︠s︡ev Andreĭ I︠U︡rʹevich; b. July 14, 1970, in Taganrog; D-r i︠u︡rid. nauk, 2004; head of I︠U︡ridicheskiĭ fakulʹtet of TIUiĖ 2003-2006)</subfield>
  </datafield>
</record>