
<record>
  <leader>01060cz  a2200265n  4500</leader>
  <controlfield tag="001">9521636</controlfield>
  <controlfield tag="003">DLC</controlfield>
  <controlfield tag="005">20200104073305.0</controlfield>
  <controlfield tag="008">140407n| azannaabn          |a aaa     c</controlfield>
  <datafield tag="010" ind1=" " ind2=" ">
    <subfield code="a">no2014046066</subfield>
  </datafield>
  <datafield tag="035" ind1=" " ind2=" ">
    <subfield code="a">(OCoLC)oca09727649</subfield>
  </datafield>
  <datafield tag="040" ind1=" " ind2=" ">
    <subfield code="a">IEN-Mu</subfield>
    <subfield code="b">eng</subfield>
    <subfield code="e">rda</subfield>
    <subfield code="c">IEN-Mu</subfield>
    <subfield code="d">MoSW-Mu</subfield>
  </datafield>
  <datafield tag="046" ind1=" " ind2=" ">
    <subfield code="f">1975</subfield>
    <subfield code="2">edtf</subfield>
  </datafield>
  <datafield tag="100" ind1="1" ind2=" ">
    <subfield code="a">Rival, Robert,</subfield>
    <subfield code="d">1975-</subfield>
  </datafield>
  <datafield tag="370" ind1=" " ind2=" ">
    <subfield code="a">Calgary (Alta.)</subfield>
    <subfield code="e">Edmonton (Alta.)</subfield>
    <subfield code="e">Ottawa (Ont.)</subfield>
    <subfield code="2">naf</subfield>
  </datafield>
  <datafield tag="372" ind1=" " ind2=" ">
    <subfield code="a">Music</subfield>
    <subfield code="2">lcsh</subfield>
  </datafield>
  <datafield tag="373" ind1=" " ind2=" ">
    <subfield code="a">University of Ottawa</subfield>
    <subfield code="2">naf</subfield>
  </datafield>
  <datafield tag="374" ind1=" " ind2=" ">
    <subfield code="a">Composers</subfield>
    <subfield code="a">Authors</subfield>
    <subfield code="a">Scholars</subfield>
    <subfield code="2">lcsh</subfield>
  </datafield>
  <datafield tag="375" ind1=" " ind2=" ">
    <subfield code="a">Males</subfield>
    <subfield code="2">lcdgt</subfield>
  </datafield>
  <datafield tag="377" ind1=" " ind2=" ">
    <subfield code="a">eng</subfield>
  </datafield>
  <datafield tag="378" ind1=" " ind2=" ">
    <subfield code="q">Robert C.</subfield>
  </datafield>
  <datafield tag="400" ind1="1" ind2=" ">
    <subfield code="a">Rival, Robert C.,</subfield>
    <subfield code="d">1975-</subfield>
  </datafield>
  <datafield tag="670" ind1=" " ind2=" ">
    <subfield code="a">Rival, Robert. Achilles &amp; Scamander, 2013.</subfield>
  </datafield>
  <datafield tag="670" ind1=" " ind2=" ">
    <subfield code="a">Robert Rival&apos;s home page, viewed April 7, 2014:</subfield>
    <subfield code="b">Biography (Robert Rival; born 1975, Calgary; lives in Edmonton, Alberta now; Canadian composer, music writer, and scholar)</subfield>
  </datafield>
  <datafield tag="670" ind1=" " ind2=" ">
    <subfield code="a">Reflections on Malcolm Forsyth, 2019:</subfield>
    <subfield code="b">title page (Robert C. Rival; editor) back cover (Robert C. Rival; composer and scholar who teaches at the University of Ottawa)</subfield>
  </datafield>
</record>