
<record>
  <leader>00786cz  a2200229n  4500</leader>
  <controlfield tag="001">9578531</controlfield>
  <controlfield tag="003">DLC</controlfield>
  <controlfield tag="005">20200104073220.0</controlfield>
  <controlfield tag="008">140612n| azannaabn          |a aaa     c</controlfield>
  <datafield tag="010" ind1=" " ind2=" ">
    <subfield code="a">no2014080877</subfield>
  </datafield>
  <datafield tag="035" ind1=" " ind2=" ">
    <subfield code="a">(OCoLC)oca09881776</subfield>
  </datafield>
  <datafield tag="040" ind1=" " ind2=" ">
    <subfield code="a">InU</subfield>
    <subfield code="b">eng</subfield>
    <subfield code="e">rda</subfield>
    <subfield code="c">InU</subfield>
    <subfield code="d">DLC</subfield>
    <subfield code="d">CU-I</subfield>
  </datafield>
  <datafield tag="046" ind1=" " ind2=" ">
    <subfield code="f">19760323</subfield>
  </datafield>
  <datafield tag="100" ind1="1" ind2=" ">
    <subfield code="a">Lego, Okena,</subfield>
    <subfield code="d">1976-</subfield>
  </datafield>
  <datafield tag="370" ind1=" " ind2=" ">
    <subfield code="f">Itanagar (India)</subfield>
    <subfield code="2">naf</subfield>
  </datafield>
  <datafield tag="372" ind1=" " ind2=" ">
    <subfield code="a">Hindi literature</subfield>
  </datafield>
  <datafield tag="373" ind1=" " ind2=" ">
    <subfield code="a">Rajiv Gandhi Univeristy. Department of Hindi</subfield>
  </datafield>
  <datafield tag="374" ind1=" " ind2=" ">
    <subfield code="a">Professor</subfield>
  </datafield>
  <datafield tag="375" ind1=" " ind2=" ">
    <subfield code="a">male</subfield>
  </datafield>
  <datafield tag="377" ind1=" " ind2=" ">
    <subfield code="a">hin</subfield>
  </datafield>
  <datafield tag="400" ind1="0" ind2=" ">
    <subfield code="a">Okena Lego,</subfield>
    <subfield code="d">1976-</subfield>
  </datafield>
  <datafield tag="670" ind1=" " ind2=" ">
    <subfield code="a">Lego, Okena. Dādū pantha, 2013:</subfield>
    <subfield code="b">cover page 4 (born March 23, 1976 Arunachal Pradesh; specialization on medieval religious movement; senior assistant professor, Department of Hindi, Rajiv Gandhi University, Itanagar)</subfield>
  </datafield>
</record>