
<record>
  <leader>00949cz  a2200205n  4500</leader>
  <controlfield tag="001">9600430</controlfield>
  <controlfield tag="003">DLC</controlfield>
  <controlfield tag="005">20200104073220.0</controlfield>
  <controlfield tag="008">140710n| azannaabn          |b aaa     c</controlfield>
  <datafield tag="010" ind1=" " ind2=" ">
    <subfield code="a">no2014091819</subfield>
  </datafield>
  <datafield tag="035" ind1=" " ind2=" ">
    <subfield code="a">(OCoLC)oca09904679</subfield>
  </datafield>
  <datafield tag="040" ind1=" " ind2=" ">
    <subfield code="a">InU</subfield>
    <subfield code="b">eng</subfield>
    <subfield code="e">rda</subfield>
    <subfield code="c">InU</subfield>
    <subfield code="d">InU</subfield>
  </datafield>
  <datafield tag="046" ind1=" " ind2=" ">
    <subfield code="f">1950</subfield>
    <subfield code="2">edtf</subfield>
  </datafield>
  <datafield tag="100" ind1="1" ind2=" ">
    <subfield code="a">Balashova, I. A.</subfield>
    <subfield code="q">(Irina Alekseevna)</subfield>
  </datafield>
  <datafield tag="374" ind1=" " ind2=" ">
    <subfield code="a">Economists</subfield>
    <subfield code="2">lcsh</subfield>
  </datafield>
  <datafield tag="400" ind1="1" ind2=" ">
    <subfield code="a">Балашова, И. А.</subfield>
    <subfield code="q">(Ирина Алексеевна)</subfield>
  </datafield>
  <datafield tag="400" ind1="1" ind2=" ">
    <subfield code="a">Balashova, Irina Alekseevna</subfield>
  </datafield>
  <datafield tag="667" ind1=" " ind2=" ">
    <subfield code="a">Non-Latin script reference not evaluated.</subfield>
  </datafield>
  <datafield tag="670" ind1=" " ind2=" ">
    <subfield code="a">I︠U︡dina, T.N. Institut︠s︡ionalʹnye osobennosti rossiĭskogo predprinimatelʹstva i blagotvoritelʹnosti, 1861-1917 gg, 2013:</subfield>
    <subfield code="b">title page (I.A. Balashova) colophon (Balashova Irina Alekseevna)</subfield>
  </datafield>
  <datafield tag="670" ind1=" " ind2=" ">
    <subfield code="a">Amazon.com, Jan. 3, 2020</subfield>
    <subfield code="b">review of M.N. Bagdygin i ego uchilishche (Balashova Irina Alekseevna, author; b. 1950; taught at universities in Moscow, Novosibirsk &amp; Egorʹevsk)</subfield>
  </datafield>
</record>