
<record>
  <leader>01233cz  a2200253n  4500</leader>
  <controlfield tag="001">9603093</controlfield>
  <controlfield tag="003">DLC</controlfield>
  <controlfield tag="005">20200104073221.0</controlfield>
  <controlfield tag="008">140714n| azannaabn          |a aaa     c</controlfield>
  <datafield tag="010" ind1=" " ind2=" ">
    <subfield code="a">no2014093087</subfield>
  </datafield>
  <datafield tag="035" ind1=" " ind2=" ">
    <subfield code="a">(OCoLC)oca09907300</subfield>
  </datafield>
  <datafield tag="040" ind1=" " ind2=" ">
    <subfield code="a">PPiU</subfield>
    <subfield code="b">eng</subfield>
    <subfield code="e">rda</subfield>
    <subfield code="c">PPiU</subfield>
    <subfield code="d">DLC</subfield>
    <subfield code="d">CU-I</subfield>
  </datafield>
  <datafield tag="100" ind1="1" ind2=" ">
    <subfield code="a">Clavijo Román, Juan</subfield>
  </datafield>
  <datafield tag="370" ind1=" " ind2=" ">
    <subfield code="a">Tapacarí (Bolivia)</subfield>
    <subfield code="2">naf</subfield>
  </datafield>
  <datafield tag="370" ind1=" " ind2=" ">
    <subfield code="f">Cochabamba (Bolivia)</subfield>
    <subfield code="2">naf</subfield>
  </datafield>
  <datafield tag="373" ind1=" " ind2=" ">
    <subfield code="a">Universidad Mayor de San Simón</subfield>
    <subfield code="2">naf</subfield>
  </datafield>
  <datafield tag="373" ind1=" " ind2=" ">
    <subfield code="a">Centro de Investigación y Desarrollo Regional (Cochabamba, Bolivia)</subfield>
    <subfield code="2">naf</subfield>
  </datafield>
  <datafield tag="373" ind1=" " ind2=" ">
    <subfield code="a">INCOS (Quillacollo, Bolivia)</subfield>
  </datafield>
  <datafield tag="374" ind1=" " ind2=" ">
    <subfield code="a">Economist</subfield>
    <subfield code="a">Columnist</subfield>
  </datafield>
  <datafield tag="375" ind1=" " ind2=" ">
    <subfield code="a">male</subfield>
  </datafield>
  <datafield tag="377" ind1=" " ind2=" ">
    <subfield code="a">spa</subfield>
    <subfield code="a">sai</subfield>
  </datafield>
  <datafield tag="400" ind1="1" ind2=" ">
    <subfield code="a">Román, Juan Clavijo</subfield>
  </datafield>
  <datafield tag="670" ind1=" " ind2=" ">
    <subfield code="a">Tapacarí, 2013:</subfield>
    <subfield code="b">title page (Juan Clavijo Román) back cover (born in Tacaparí [i.e. Tapacarí], Cochabamba; economist; post-graduate work in population and development, diploma in microfinance)</subfield>
  </datafield>
  <datafield tag="670" ind1=" " ind2=" ">
    <subfield code="a">Quillacollo, 2015:</subfield>
    <subfield code="b">title page (Juan Clavijo Román) cover page 4 (born in Tacaparí; economist with a degree from Universidad Mayor de San Simón; affiliated with CIDRE; founder and professor affiliated with INCOS No. 3 Quillacollo (Cochabamba); columnist affiliated with Los Tiempos (published in Keshwa))</subfield>
  </datafield>
</record>