
<record>
  <leader>02794cz  a2200289n  4500</leader>
  <controlfield tag="001">9653483</controlfield>
  <controlfield tag="003">DLC</controlfield>
  <controlfield tag="005">20200104073221.0</controlfield>
  <controlfield tag="008">140910n| azannaabn          |n aaa     c</controlfield>
  <datafield tag="010" ind1=" " ind2=" ">
    <subfield code="a">no2014119513</subfield>
  </datafield>
  <datafield tag="016" ind1=" " ind2=" ">
    <subfield code="a">1024L0136E</subfield>
  </datafield>
  <datafield tag="035" ind1=" " ind2=" ">
    <subfield code="a">(OCoLC)oca09957127</subfield>
  </datafield>
  <datafield tag="040" ind1=" " ind2=" ">
    <subfield code="a">SaPrUSA</subfield>
    <subfield code="b">eng</subfield>
    <subfield code="e">rda</subfield>
    <subfield code="c">SaPrUSA</subfield>
    <subfield code="d">CaOONL</subfield>
  </datafield>
  <datafield tag="042" ind1=" " ind2=" ">
    <subfield code="a">nlc</subfield>
  </datafield>
  <datafield tag="046" ind1=" " ind2=" ">
    <subfield code="f">1980</subfield>
    <subfield code="2">edtf</subfield>
  </datafield>
  <datafield tag="100" ind1="1" ind2=" ">
    <subfield code="a">Craft, Aimée,</subfield>
    <subfield code="d">1980-</subfield>
  </datafield>
  <datafield tag="370" ind1=" " ind2=" ">
    <subfield code="c">Canada</subfield>
    <subfield code="f">Manitoba</subfield>
    <subfield code="f">Ottawa (Ont.)</subfield>
    <subfield code="f">Victoria (B.C.)</subfield>
    <subfield code="f">Winnipeg (Man.)</subfield>
    <subfield code="2">naf</subfield>
  </datafield>
  <datafield tag="372" ind1=" " ind2=" ">
    <subfield code="a">Ojibwa Indians--Legal status, laws, etc.</subfield>
    <subfield code="a">Indigenous peoples--Legal status, laws, etc.</subfield>
    <subfield code="a">Treaties</subfield>
    <subfield code="a">Linguistic rights</subfield>
    <subfield code="2">lcsh</subfield>
  </datafield>
  <datafield tag="373" ind1=" " ind2=" ">
    <subfield code="a">University of Manitoba. Faculty of Law</subfield>
    <subfield code="a">University of Ottawa</subfield>
    <subfield code="a">University of Victoria (B.C.)</subfield>
    <subfield code="a">Canadian Bar Association. National Aboriginal Law Section</subfield>
    <subfield code="2">naf</subfield>
  </datafield>
  <datafield tag="373" ind1=" " ind2=" ">
    <subfield code="a">Public Interest Law Centre (Manitoba)</subfield>
    <subfield code="a">Treaty Relations Commission of Manitoba. Speaker&apos;s Bureau</subfield>
    <subfield code="a">Indigenous Bar Association</subfield>
  </datafield>
  <datafield tag="374" ind1=" " ind2=" ">
    <subfield code="a">Lawyers</subfield>
    <subfield code="2">lcsh</subfield>
  </datafield>
  <datafield tag="375" ind1=" " ind2=" ">
    <subfield code="a">female</subfield>
  </datafield>
  <datafield tag="377" ind1=" " ind2=" ">
    <subfield code="a">eng</subfield>
  </datafield>
  <datafield tag="378" ind1=" " ind2=" ">
    <subfield code="q">Aimée E.</subfield>
  </datafield>
  <datafield tag="670" ind1=" " ind2=" ">
    <subfield code="a">Breathing life into the Stone Fort Treaty, 2013:</subfield>
    <subfield code="b">title page (Aimée Craft) title page verso, etc. (Library and Archives Canada Cataloguing in Publication, Craft, Aimée, 1980-, B.A. (L.-Ph.) (University of Manitoba), LL.B. (University of Ottawa), LL.M. (University of Victoria), is an Indigenous lawyer from Manitoba, she recently completed an interdisciplinary Masters in Law and Society at the University of Victoria, in her legal practice at the Public Interest Law Centre (in Winnipeg, Manitoba), she has worked with many Indigenous peoples on land, resources, consultation, human rights, and governance issues, she is chair of the Aboriginal Law Section of the Canadian Bar Association and was appointed to the Speaker&apos;s Bureau of the Treaty Relations Commission of Manitoba, in 2011, she was the recipient of the Indigenous Peoples and Governance Graduate Research Scholarship, her pro bono work includes participation in the development of Federal Court Practice Guidelines for Aboriginal Law Matters, including Oral History and Elders Evidence, she is a sessional lecturer and research affiliate at the University of Manitoba Faculty of Law, and she has lectured at other universities and presented at conferences in the areas of consultation and accomodation, treaties, Indigenous laws, language rights, and Aboriginal and treaty rights, in 2009, she successfully argued on behalf of language rights advocates in the first entirely French hearing at the Manitoba Court of Appeal, active in the Indigenous Bar Association)</subfield>
  </datafield>
  <datafield tag="670" ind1=" " ind2=" ">
    <subfield code="a">Canadiana, January 3, 2020</subfield>
    <subfield code="b">(access point: Craft, Aimée, 1980-; born 1980; Canadian)</subfield>
  </datafield>
  <datafield tag="670" ind1=" " ind2=" ">
    <subfield code="a">Pathways of reconciliation, 2020:</subfield>
    <subfield code="b">CIP title page (Aimée Craft) LAC CIP application (full name Aimée E. Craft)</subfield>
  </datafield>
</record>