
<record>
  <leader>00512cz  a2200157n  4500</leader>
  <controlfield tag="001">9729489</controlfield>
  <controlfield tag="003">DLC</controlfield>
  <controlfield tag="005">20200104073221.0</controlfield>
  <controlfield tag="008">141210n| azannaabn          |n aaa      </controlfield>
  <datafield tag="010" ind1=" " ind2=" ">
    <subfield code="a">n 2014076360</subfield>
  </datafield>
  <datafield tag="035" ind1=" " ind2=" ">
    <subfield code="a">(OCoLC)oca10037559</subfield>
  </datafield>
  <datafield tag="040" ind1=" " ind2=" ">
    <subfield code="a">DLC</subfield>
    <subfield code="b">eng</subfield>
    <subfield code="e">rda</subfield>
    <subfield code="c">DLC</subfield>
    <subfield code="d">CU-I</subfield>
  </datafield>
  <datafield tag="100" ind1="1" ind2=" ">
    <subfield code="a">Nguyễn, Long</subfield>
  </datafield>
  <datafield tag="375" ind1=" " ind2=" ">
    <subfield code="a">male</subfield>
  </datafield>
  <datafield tag="377" ind1=" " ind2=" ">
    <subfield code="a">vie</subfield>
  </datafield>
  <datafield tag="670" ind1=" " ind2=" ">
    <subfield code="a">Cảm nhận thời gian, 2010:</subfield>
    <subfield code="b">t.p. (Nguyễn Long) back flap (b. in Phú Thọ; professor at Khoa Ngữ văn -Trường Đại học Sư phạm Thái Nguyên)</subfield>
  </datafield>
</record>