
<record>
  <leader>00676cz  a2200193n  4500</leader>
  <controlfield tag="001">9792164</controlfield>
  <controlfield tag="003">DLC</controlfield>
  <controlfield tag="005">20200104073221.0</controlfield>
  <controlfield tag="008">150226n| azannaabn          |n aaa     c</controlfield>
  <datafield tag="010" ind1=" " ind2=" ">
    <subfield code="a">no2015026457</subfield>
  </datafield>
  <datafield tag="035" ind1=" " ind2=" ">
    <subfield code="a">(OCoLC)oca10097981</subfield>
  </datafield>
  <datafield tag="040" ind1=" " ind2=" ">
    <subfield code="a">TMurS</subfield>
    <subfield code="b">eng</subfield>
    <subfield code="e">rda</subfield>
    <subfield code="c">TMurS</subfield>
    <subfield code="d">DLC</subfield>
    <subfield code="d">OO</subfield>
  </datafield>
  <datafield tag="100" ind1="1" ind2=" ">
    <subfield code="a">Lutts, Julie Shaw</subfield>
  </datafield>
  <datafield tag="370" ind1=" " ind2=" ">
    <subfield code="e">Salem (Mass.)</subfield>
    <subfield code="2">naf</subfield>
  </datafield>
  <datafield tag="372" ind1=" " ind2=" ">
    <subfield code="a">Artists&apos; books</subfield>
    <subfield code="2">lcsh</subfield>
  </datafield>
  <datafield tag="374" ind1=" " ind2=" ">
    <subfield code="a">Book artists</subfield>
    <subfield code="2">lcsh</subfield>
  </datafield>
  <datafield tag="670" ind1=" " ind2=" ">
    <subfield code="a">How to eat cake, 2014:</subfield>
    <subfield code="b">cover (Julie Shaw Lutts)</subfield>
  </datafield>
  <datafield tag="670" ind1=" " ind2=" ">
    <subfield code="a">Gloves off : an artist book, 2019 :</subfield>
    <subfield code="b">title page (Julie Shaw Lutts ; book artist)</subfield>
  </datafield>
  <datafield tag="670" ind1=" " ind2=" ">
    <subfield code="a">Correspondence with Julie Shaw Lutts, October 16, 2019 :</subfield>
    <subfield code="b">(Place of residence, Salem, Massachusetts)</subfield>
  </datafield>
</record>