
<record>
  <leader>00894cz  a2200265n  4500</leader>
  <controlfield tag="001">9800554</controlfield>
  <controlfield tag="003">DLC</controlfield>
  <controlfield tag="005">20200104073222.0</controlfield>
  <controlfield tag="008">150309n| azaabaaan          |a ana     c</controlfield>
  <datafield tag="010" ind1=" " ind2=" ">
    <subfield code="a">no2015030949</subfield>
  </datafield>
  <datafield tag="035" ind1=" " ind2=" ">
    <subfield code="a">(OCoLC)oca10105544</subfield>
  </datafield>
  <datafield tag="040" ind1=" " ind2=" ">
    <subfield code="a">ICrlF</subfield>
    <subfield code="b">eng</subfield>
    <subfield code="e">rda</subfield>
    <subfield code="c">ICrlF</subfield>
    <subfield code="d">ICrlF</subfield>
  </datafield>
  <datafield tag="130" ind1=" " ind2="0">
    <subfield code="a">GS.</subfield>
    <subfield code="p">First concepts.</subfield>
    <subfield code="l">Spanish</subfield>
  </datafield>
  <datafield tag="370" ind1=" " ind2=" ">
    <subfield code="g">New York (N.Y.)</subfield>
    <subfield code="2">naf</subfield>
  </datafield>
  <datafield tag="373" ind1=" " ind2=" ">
    <subfield code="a">Gareth Stevens Publishing</subfield>
    <subfield code="2">naf</subfield>
  </datafield>
  <datafield tag="377" ind1=" " ind2=" ">
    <subfield code="a">spa</subfield>
  </datafield>
  <datafield tag="430" ind1=" " ind2="0">
    <subfield code="a">First concepts.</subfield>
    <subfield code="l">Spanish</subfield>
  </datafield>
  <datafield tag="430" ind1=" " ind2="0">
    <subfield code="a">Conceptos básicos (Gareth Stevens Publishing)</subfield>
  </datafield>
  <datafield tag="643" ind1=" " ind2=" ">
    <subfield code="a">New York, NY</subfield>
    <subfield code="b">Gareth Stevens Publishing</subfield>
  </datafield>
  <datafield tag="644" ind1=" " ind2=" ">
    <subfield code="a">f</subfield>
    <subfield code="5">ICrlF</subfield>
  </datafield>
  <datafield tag="645" ind1=" " ind2=" ">
    <subfield code="a">t</subfield>
    <subfield code="5">DPCC</subfield>
    <subfield code="5">ICrlF</subfield>
  </datafield>
  <datafield tag="646" ind1=" " ind2=" ">
    <subfield code="a">s</subfield>
    <subfield code="5">ICrlF</subfield>
  </datafield>
  <datafield tag="670" ind1=" " ind2=" ">
    <subfield code="a">Hunt, S. Los celos [ER], 2015:</subfield>
    <subfield code="b">title frame (Conceptos básicos)</subfield>
  </datafield>
  <datafield tag="670" ind1=" " ind2=" ">
    <subfield code="a">OCLC, Mar. 3, 2015</subfield>
    <subfield code="b">(Hdg.: GS. First concepts)</subfield>
  </datafield>
  <datafield tag="670" ind1=" " ind2=" ">
    <subfield code="a">Martin, Emmett. Está mojado? = What is wet?, 2020:</subfield>
    <subfield code="b">title page (Conceptos básicos)</subfield>
  </datafield>
</record>