
<record>
  <leader>01132cz  a2200241n  4500</leader>
  <controlfield tag="001">9808331</controlfield>
  <controlfield tag="003">DLC</controlfield>
  <controlfield tag="005">20200104073222.0</controlfield>
  <controlfield tag="008">150317n| azannaabn          |b aaa     c</controlfield>
  <datafield tag="010" ind1=" " ind2=" ">
    <subfield code="a">no2015035482</subfield>
  </datafield>
  <datafield tag="035" ind1=" " ind2=" ">
    <subfield code="a">(OCoLC)oca10114477</subfield>
  </datafield>
  <datafield tag="040" ind1=" " ind2=" ">
    <subfield code="a">CtY</subfield>
    <subfield code="b">eng</subfield>
    <subfield code="e">rda</subfield>
    <subfield code="c">CtY</subfield>
    <subfield code="d">CU-I</subfield>
  </datafield>
  <datafield tag="100" ind1="1" ind2=" ">
    <subfield code="a">Ding, Jie</subfield>
    <subfield code="c">(Lecturer)</subfield>
  </datafield>
  <datafield tag="370" ind1=" " ind2=" ">
    <subfield code="f">Changzhou (Jiangsu Sheng, China)</subfield>
    <subfield code="2">naf</subfield>
  </datafield>
  <datafield tag="371" ind1=" " ind2=" ">
    <subfield code="m">djxdd@hkbu.edu.hk</subfield>
    <subfield code="v">HKBU WWW site, Mar. 17, 2015</subfield>
  </datafield>
  <datafield tag="373" ind1=" " ind2=" ">
    <subfield code="a">Hong Kong Baptist University. Department of History</subfield>
    <subfield code="2">naf</subfield>
  </datafield>
  <datafield tag="374" ind1=" " ind2=" ">
    <subfield code="a">College teachers</subfield>
    <subfield code="2">lcsh</subfield>
  </datafield>
  <datafield tag="375" ind1=" " ind2=" ">
    <subfield code="a">female</subfield>
  </datafield>
  <datafield tag="377" ind1=" " ind2=" ">
    <subfield code="a">chi</subfield>
  </datafield>
  <datafield tag="400" ind1="1" ind2=" ">
    <subfield code="a">丁潔</subfield>
    <subfield code="c">(Lecturer)</subfield>
  </datafield>
  <datafield tag="667" ind1=" " ind2=" ">
    <subfield code="a">Non-Latin script reference not evaluated.</subfield>
  </datafield>
  <datafield tag="670" ind1=" " ind2=" ">
    <subfield code="a">&quot;Hua qiao ri bao&quot; yu Xianggang Hua ren she hui, 1925-1995, 2014 nian 11 yue:</subfield>
    <subfield code="b">t.p. (丁潔 = Ding Jie) front flap (native of Changzhou, Jiangsu; PhD from Xianggang jin hui da xue; lecturer at Xianggang jin hui da xue li shi xi; work list)</subfield>
  </datafield>
  <datafield tag="670" ind1=" " ind2=" ">
    <subfield code="a">HKBU WWW site, Mar. 17, 2015</subfield>
    <subfield code="b">(female; PhD from Hong Kong Baptist Univ.; research area: intellectual history of modern China, Chinese cultural history, Hong Kong studies, history of Chinese women; work list)</subfield>
  </datafield>
</record>