
<record>
  <leader>01271cz  a2200265n  4500</leader>
  <controlfield tag="001">9810679</controlfield>
  <controlfield tag="003">DLC</controlfield>
  <controlfield tag="005">20200104073223.0</controlfield>
  <controlfield tag="008">150319n| azannaabn          |a aaa     c</controlfield>
  <datafield tag="010" ind1=" " ind2=" ">
    <subfield code="a">no2015036558</subfield>
  </datafield>
  <datafield tag="035" ind1=" " ind2=" ">
    <subfield code="a">(OCoLC)oca10116149</subfield>
  </datafield>
  <datafield tag="040" ind1=" " ind2=" ">
    <subfield code="a">NjP</subfield>
    <subfield code="b">eng</subfield>
    <subfield code="e">rda</subfield>
    <subfield code="c">NjP</subfield>
    <subfield code="d">OOC</subfield>
  </datafield>
  <datafield tag="046" ind1=" " ind2=" ">
    <subfield code="f">1943-09-23</subfield>
    <subfield code="2">edtf</subfield>
  </datafield>
  <datafield tag="100" ind1="1" ind2=" ">
    <subfield code="a">Boone, Steve,</subfield>
    <subfield code="d">1943-</subfield>
  </datafield>
  <datafield tag="370" ind1=" " ind2=" ">
    <subfield code="a">Camp Lejeune (N.C.)</subfield>
    <subfield code="2">naf</subfield>
  </datafield>
  <datafield tag="375" ind1=" " ind2=" ">
    <subfield code="a">Males</subfield>
    <subfield code="2">lcdgt</subfield>
  </datafield>
  <datafield tag="378" ind1=" " ind2=" ">
    <subfield code="q">John Stephen</subfield>
  </datafield>
  <datafield tag="400" ind1="1" ind2=" ">
    <subfield code="a">Boone, John Stephen,</subfield>
    <subfield code="d">1943-</subfield>
  </datafield>
  <datafield tag="400" ind1="1" ind2=" ">
    <subfield code="a">Boone, John,</subfield>
    <subfield code="d">1943-</subfield>
  </datafield>
  <datafield tag="510" ind1="2" ind2=" ">
    <subfield code="w">r</subfield>
    <subfield code="i">Corporate body:</subfield>
    <subfield code="a">Lovin&apos; Spoonful (Musical group)</subfield>
  </datafield>
  <datafield tag="670" ind1=" " ind2=" ">
    <subfield code="a">Hotter than a match head, 2014:</subfield>
    <subfield code="b">t.p. (Steve Boone) page 1 (born John Stephen Boone)</subfield>
  </datafield>
  <datafield tag="670" ind1=" " ind2=" ">
    <subfield code="a">IMDb, March 11, 2015</subfield>
    <subfield code="b">(Steve Boone, born September 23, 1943 in Camp Lejeune, North Carolina)</subfield>
  </datafield>
  <datafield tag="670" ind1=" " ind2=" ">
    <subfield code="a">Oxford reference online, January 3, 2020:</subfield>
    <subfield code="b">Encyclopedia of popular music, 4th ed. (Lovin&apos; Spoonful: members included Steve Boone, b. 23 September 1943, Camp Lejeune, North Carolina, USA; bass)</subfield>
  </datafield>
  <datafield tag="670" ind1=" " ind2=" ">
    <subfield code="a">Dylan, Bob. The cutting edge 1965-1966, ℗2015:</subfield>
    <subfield code="b">book 2, page 43 (John Boone, bass)</subfield>
  </datafield>
  <datafield tag="670" ind1=" " ind2=" ">
    <subfield code="a">electricdylan.net, January 3, 2020</subfield>
    <subfield code="b">(Bringing it all back home: Steve (né John) Boone from The Lovin&apos; Spoonful)</subfield>
    <subfield code="u">http://www.electricdylan.net/BIABHpart1/BIABHpart1.htm</subfield>
  </datafield>
</record>