
<record>
  <leader>00677cz  a2200157n  4500</leader>
  <controlfield tag="001">9920151</controlfield>
  <controlfield tag="003">DLC</controlfield>
  <controlfield tag="005">20200104073223.0</controlfield>
  <controlfield tag="008">150728n| azannaabn          |a aaa      </controlfield>
  <datafield tag="010" ind1=" " ind2=" ">
    <subfield code="a">n 2015186644</subfield>
  </datafield>
  <datafield tag="035" ind1=" " ind2=" ">
    <subfield code="a">(OCoLC)oca10230014</subfield>
  </datafield>
  <datafield tag="040" ind1=" " ind2=" ">
    <subfield code="a">DNLM</subfield>
    <subfield code="b">eng</subfield>
    <subfield code="c">DNLM</subfield>
    <subfield code="e">rda</subfield>
    <subfield code="d">CU-I</subfield>
  </datafield>
  <datafield tag="100" ind1="1" ind2=" ">
    <subfield code="a">Chia, B. L.</subfield>
    <subfield code="q">(Boon Lock)</subfield>
  </datafield>
  <datafield tag="378" ind1=" " ind2=" ">
    <subfield code="q">Boon Lock</subfield>
  </datafield>
  <datafield tag="400" ind1="1" ind2=" ">
    <subfield code="a">Chia, Boon Lock</subfield>
  </datafield>
  <datafield tag="670" ind1=" " ind2=" ">
    <subfield code="a">Clinical electrocardiography, 2015:</subfield>
    <subfield code="b">ECIP t.p. (B.L. Chia, MBBS, FRACP, FRCP (Edin), FAMS, FACC; emeritus professor, Department of Medicine, Yong Loo Lin School of Medicine, National University of Singapore; emeritus consultant National University Heart Centre, Singapore) data view (Full name: Boon Lock Chia)</subfield>
  </datafield>
</record>