
<record>
  <leader>01639cz  a2200301n  4500</leader>
  <controlfield tag="001">9925552</controlfield>
  <controlfield tag="003">DLC</controlfield>
  <controlfield tag="005">20200104073223.0</controlfield>
  <controlfield tag="008">150731nn azannaabn           a aaa      </controlfield>
  <datafield tag="010" ind1=" " ind2=" ">
    <subfield code="a">no2015101147</subfield>
  </datafield>
  <datafield tag="035" ind1=" " ind2=" ">
    <subfield code="a">(OCoLC)oca10232821</subfield>
  </datafield>
  <datafield tag="040" ind1=" " ind2=" ">
    <subfield code="a">KyU</subfield>
    <subfield code="b">eng</subfield>
    <subfield code="c">KyU</subfield>
    <subfield code="e">rda</subfield>
    <subfield code="d">KyU</subfield>
  </datafield>
  <datafield tag="046" ind1=" " ind2=" ">
    <subfield code="f">1965</subfield>
    <subfield code="2">edtf</subfield>
  </datafield>
  <datafield tag="100" ind1="1" ind2=" ">
    <subfield code="a">Graves, R. Clark,</subfield>
    <subfield code="d">1965-</subfield>
  </datafield>
  <datafield tag="370" ind1=" " ind2=" ">
    <subfield code="a">Grayson (Ky.)</subfield>
    <subfield code="c">United States</subfield>
    <subfield code="e">Lexington (Ky.)</subfield>
    <subfield code="2">naf</subfield>
  </datafield>
  <datafield tag="372" ind1=" " ind2=" ">
    <subfield code="a">Geotechnical engineering</subfield>
    <subfield code="a">Civil engineering</subfield>
    <subfield code="a">Roads--Design and construction</subfield>
    <subfield code="a">Geology</subfield>
    <subfield code="2">lcsh</subfield>
  </datafield>
  <datafield tag="373" ind1=" " ind2=" ">
    <subfield code="a">University of Kentucky Transportation Center</subfield>
    <subfield code="2">naf</subfield>
    <subfield code="s">1989</subfield>
  </datafield>
  <datafield tag="373" ind1=" " ind2=" ">
    <subfield code="a">University of Kentucky</subfield>
    <subfield code="2">naf</subfield>
  </datafield>
  <datafield tag="374" ind1=" " ind2=" ">
    <subfield code="a">Engineering geologists</subfield>
    <subfield code="a">Civil engineers</subfield>
    <subfield code="a">Geologists</subfield>
    <subfield code="2">lcsh</subfield>
    <subfield code="s">1989</subfield>
  </datafield>
  <datafield tag="375" ind1=" " ind2=" ">
    <subfield code="a">Males</subfield>
    <subfield code="2">lcdgt</subfield>
  </datafield>
  <datafield tag="377" ind1=" " ind2=" ">
    <subfield code="a">eng</subfield>
  </datafield>
  <datafield tag="378" ind1=" " ind2=" ">
    <subfield code="q">Ronnie Clark</subfield>
  </datafield>
  <datafield tag="400" ind1="1" ind2=" ">
    <subfield code="a">Graves, Clark,</subfield>
    <subfield code="c">II,</subfield>
    <subfield code="d">1965-</subfield>
  </datafield>
  <datafield tag="400" ind1="1" ind2=" ">
    <subfield code="a">Graves, Clark,</subfield>
    <subfield code="d">1965-</subfield>
  </datafield>
  <datafield tag="400" ind1="1" ind2=" ">
    <subfield code="a">Graves, Ronnie C.,</subfield>
    <subfield code="c">II,</subfield>
    <subfield code="d">1965-</subfield>
  </datafield>
  <datafield tag="670" ind1=" " ind2=" ">
    <subfield code="a">Investigation of premature cracking on the National Turnpike, Jefferson County, 1990:</subfield>
    <subfield code="b">title page (R. Clark Graves)</subfield>
  </datafield>
  <datafield tag="670" ind1=" " ind2=" ">
    <subfield code="a">Performance evaluations of crushed sandstone aggregates in bituminous bases, 1990:</subfield>
    <subfield code="b">title page (David Q. Hunsucker and R. Clark Graves)</subfield>
  </datafield>
  <datafield tag="670" ind1=" " ind2=" ">
    <subfield code="a">Email with author, July 9, 2015:</subfield>
    <subfield code="b">(goes by Clark Graves, but writes as R. Clark Graves, full name Ronnie Clark Graves II.  Is a civil engineer and geologist employed by the Kentucky Transportation Center, University of Kentucky, since 1989.  Born in 1965 in Grayson, Kentucky; received his undergraduate degree in civil engineering from UK in 1987 and PhD in 2013 and is a professional engineer and licensed geologist who lives in Lexington, Ky.)</subfield>
  </datafield>
</record>