
<record>
  <leader>01037cz  a2200241n  4500</leader>
  <controlfield tag="001">9945366</controlfield>
  <controlfield tag="003">DLC</controlfield>
  <controlfield tag="005">20200104073224.0</controlfield>
  <controlfield tag="008">150825n| azannaabn          |a aaa     c</controlfield>
  <datafield tag="010" ind1=" " ind2=" ">
    <subfield code="a">no2015112462</subfield>
  </datafield>
  <datafield tag="035" ind1=" " ind2=" ">
    <subfield code="a">(OCoLC)oca10252060</subfield>
  </datafield>
  <datafield tag="040" ind1=" " ind2=" ">
    <subfield code="a">UkOxU</subfield>
    <subfield code="b">eng</subfield>
    <subfield code="e">rda</subfield>
    <subfield code="c">UkOxU</subfield>
    <subfield code="d">OkU</subfield>
  </datafield>
  <datafield tag="046" ind1=" " ind2=" ">
    <subfield code="f">1910-01-11</subfield>
    <subfield code="g">2001-06</subfield>
    <subfield code="2">edtf</subfield>
  </datafield>
  <datafield tag="100" ind1="1" ind2=" ">
    <subfield code="a">Rowe, Violet A.,</subfield>
    <subfield code="d">1910-2001</subfield>
  </datafield>
  <datafield tag="370" ind1=" " ind2=" ">
    <subfield code="f">Ware (Hertfordshire, England)</subfield>
    <subfield code="2">naf</subfield>
  </datafield>
  <datafield tag="372" ind1=" " ind2=" ">
    <subfield code="a">Hertfordshire (England)--History</subfield>
    <subfield code="2">lcsh</subfield>
  </datafield>
  <datafield tag="373" ind1=" " ind2=" ">
    <subfield code="a">Ware Girls&apos; Grammar School (Ware, Hertfordshire, England)</subfield>
  </datafield>
  <datafield tag="374" ind1=" " ind2=" ">
    <subfield code="a">History teachers</subfield>
    <subfield code="a">Historians</subfield>
    <subfield code="2">lcsh</subfield>
  </datafield>
  <datafield tag="375" ind1=" " ind2=" ">
    <subfield code="a">female</subfield>
  </datafield>
  <datafield tag="377" ind1=" " ind2=" ">
    <subfield code="a">eng</subfield>
  </datafield>
  <datafield tag="400" ind1="1" ind2=" ">
    <subfield code="a">Rowe, Vi,</subfield>
    <subfield code="d">1910-2001</subfield>
  </datafield>
  <datafield tag="670" ind1=" " ind2=" ">
    <subfield code="a">Rowe, Violet A. Place House, Ware, and the Bluecoat Children, 2015:</subfield>
    <subfield code="b">title page (Violet A. Rowe) page 7 (historian ; Head of History at Ware Girls&apos; Grammar School) page 8 (died in June 2001 aged 91 ; Vi Rowe)</subfield>
  </datafield>
  <datafield tag="670" ind1=" " ind2=" ">
    <subfield code="a">FamilySearch, Jan. 2, 2020:</subfield>
    <subfield code="b">England and Wales Death Registration Index 1837-2007 (Violet Anne Rowe, b. Jan. 11, 1910; death registered June 2001)</subfield>
  </datafield>
</record>