
<record>
  <leader>00939cz  a2200265n  4500</leader>
  <controlfield tag="001">9990003</controlfield>
  <controlfield tag="003">DLC</controlfield>
  <controlfield tag="005">20200104051023.0</controlfield>
  <controlfield tag="008">151016n| azannaabn          |a aaa     c</controlfield>
  <datafield tag="010" ind1=" " ind2=" ">
    <subfield code="a">no2015139011</subfield>
  </datafield>
  <datafield tag="035" ind1=" " ind2=" ">
    <subfield code="a">(OCoLC)oca10297212</subfield>
  </datafield>
  <datafield tag="035" ind1=" " ind2=" ">
    <subfield code="a">(Uk)009465830</subfield>
  </datafield>
  <datafield tag="040" ind1=" " ind2=" ">
    <subfield code="a">IEN-Mu</subfield>
    <subfield code="b">eng</subfield>
    <subfield code="e">rda</subfield>
    <subfield code="c">IEN-Mu</subfield>
    <subfield code="d">Uk</subfield>
  </datafield>
  <datafield tag="046" ind1=" " ind2=" ">
    <subfield code="f">1948</subfield>
    <subfield code="2">edtf</subfield>
  </datafield>
  <datafield tag="100" ind1="1" ind2=" ">
    <subfield code="a">Bagriĭ, I︠U︡riĭ</subfield>
  </datafield>
  <datafield tag="372" ind1=" " ind2=" ">
    <subfield code="a">Music</subfield>
    <subfield code="2">lcsh</subfield>
  </datafield>
  <datafield tag="374" ind1=" " ind2=" ">
    <subfield code="a">Composers</subfield>
    <subfield code="2">lcsh</subfield>
  </datafield>
  <datafield tag="375" ind1=" " ind2=" ">
    <subfield code="a">male</subfield>
  </datafield>
  <datafield tag="378" ind1=" " ind2=" ">
    <subfield code="q">I︠U︡riĭ Aleksandrovich</subfield>
  </datafield>
  <datafield tag="400" ind1="1" ind2=" ">
    <subfield code="a">Bagriĭ, I︠U︡riĭ Aleksandrovich</subfield>
  </datafield>
  <datafield tag="400" ind1="1" ind2=" ">
    <subfield code="a">Bagriĭ, I.</subfield>
    <subfield code="q">(I︠U︡riĭ)</subfield>
  </datafield>
  <datafield tag="670" ind1=" " ind2=" ">
    <subfield code="a">Bagriĭ, I︠U︡riĭ. Ėstonskie runy, 1990:</subfield>
    <subfield code="b">title page (I︠U︡riĭ Bagriĭ) colophon (I︠U︡riĭ Aleksandrovich Bagriĭ)</subfield>
  </datafield>
  <datafield tag="670" ind1=" " ind2=" ">
    <subfield code="a">Iz poėzii Nikolai︠a︡ Rubt︠s︡ova, 1990:</subfield>
    <subfield code="b">page 52 (I︠U︡. Bagriĭ)</subfield>
  </datafield>
  <datafield tag="670" ind1=" " ind2=" ">
    <subfield code="a">BL catalogue, viewed 03 January 2020</subfield>
    <subfield code="b">(hdg.: Bagry, Yury, 1948-)</subfield>
  </datafield>
  <datafield tag="675" ind1=" " ind2=" ">
    <subfield code="a">Grove Music Online</subfield>
  </datafield>
</record>