
<record>
  <leader>01141cz  a2200265n  4500</leader>
  <controlfield tag="001">10008055</controlfield>
  <controlfield tag="003">DLC</controlfield>
  <controlfield tag="005">20200104073225.0</controlfield>
  <controlfield tag="008">151106n| azannaabn          |a aaa     c</controlfield>
  <datafield tag="010" ind1=" " ind2=" ">
    <subfield code="a">no2015149176</subfield>
  </datafield>
  <datafield tag="035" ind1=" " ind2=" ">
    <subfield code="a">(OCoLC)oca10315424</subfield>
  </datafield>
  <datafield tag="040" ind1=" " ind2=" ">
    <subfield code="a">NjP</subfield>
    <subfield code="b">eng</subfield>
    <subfield code="e">rda</subfield>
    <subfield code="c">NjP</subfield>
    <subfield code="d">NcU</subfield>
  </datafield>
  <datafield tag="100" ind1="1" ind2=" ">
    <subfield code="a">Hannah-Jones, Nikole</subfield>
  </datafield>
  <datafield tag="370" ind1=" " ind2=" ">
    <subfield code="c">United States</subfield>
    <subfield code="2">naf</subfield>
  </datafield>
  <datafield tag="372" ind1=" " ind2=" ">
    <subfield code="a">Civil rights</subfield>
    <subfield code="a">Segregation in education</subfield>
    <subfield code="a">Discrimination in housing</subfield>
    <subfield code="2">lcsh</subfield>
  </datafield>
  <datafield tag="373" ind1=" " ind2=" ">
    <subfield code="a">ProPublica</subfield>
    <subfield code="2">naf</subfield>
  </datafield>
  <datafield tag="374" ind1=" " ind2=" ">
    <subfield code="a">Journalists</subfield>
    <subfield code="2">lcsh</subfield>
  </datafield>
  <datafield tag="375" ind1=" " ind2=" ">
    <subfield code="a">Females</subfield>
    <subfield code="2">lcdgt</subfield>
  </datafield>
  <datafield tag="377" ind1=" " ind2=" ">
    <subfield code="a">eng</subfield>
  </datafield>
  <datafield tag="400" ind1="1" ind2=" ">
    <subfield code="a">Jones, Nikole Hannah</subfield>
  </datafield>
  <datafield tag="400" ind1="1" ind2=" ">
    <subfield code="a">Hannah, Nikole Sheri</subfield>
  </datafield>
  <datafield tag="670" ind1=" " ind2=" ">
    <subfield code="a">Living apart, 2012:</subfield>
    <subfield code="b">title page (Nikole Hannah-Jones)</subfield>
  </datafield>
  <datafield tag="670" ind1=" " ind2=" ">
    <subfield code="a">ProPublica WWW site, November 3, 2015</subfield>
    <subfield code="b">(Nikole Hannah-Jones joined ProPublica in late 2011 and covered civil rights with a focus on segregation and discrimination in housing and schools)</subfield>
  </datafield>
  <datafield tag="670" ind1=" " ind2=" ">
    <subfield code="a">Wikipedia, November 3, 2015</subfield>
    <subfield code="b">(Nikole Hannah-Jones; investigative journalist)</subfield>
  </datafield>
  <datafield tag="670" ind1=" " ind2=" ">
    <subfield code="a">Fields of lost dreams, 2003:</subfield>
    <subfield code="b">title page (Nikole Sheri Hannah; M.A., School of Journalism and Mass Communication, University of North Carolina at Chapel Hill)</subfield>
  </datafield>
</record>