
<record>
  <leader>00470cz  a2200145n  4500</leader>
  <controlfield tag="001">10057383</controlfield>
  <controlfield tag="003">DLC</controlfield>
  <controlfield tag="005">20200104073225.0</controlfield>
  <controlfield tag="008">160115n| azannaabn          |n aaa      </controlfield>
  <datafield tag="010" ind1=" " ind2=" ">
    <subfield code="a">n 2016002899</subfield>
  </datafield>
  <datafield tag="035" ind1=" " ind2=" ">
    <subfield code="a">(OCoLC)oca10366201</subfield>
  </datafield>
  <datafield tag="040" ind1=" " ind2=" ">
    <subfield code="a">DLC</subfield>
    <subfield code="b">eng</subfield>
    <subfield code="e">rda</subfield>
    <subfield code="c">DLC</subfield>
    <subfield code="d">RPCL</subfield>
  </datafield>
  <datafield tag="100" ind1="1" ind2=" ">
    <subfield code="a">Warner, Marcus</subfield>
  </datafield>
  <datafield tag="670" ind1=" " ind2=" ">
    <subfield code="a">Rare leadership, 2016:</subfield>
    <subfield code="b">E-CIP t.p. (Marcus Warner)</subfield>
  </datafield>
  <datafield tag="670" ind1=" " ind2=" ">
    <subfield code="a">Warner, Marcus. The 4 habits of joy-filled marriages, 2019:</subfield>
    <subfield code="b">title page (Marcus Warner and Chris Coursey)</subfield>
  </datafield>
</record>