
<record>
  <leader>00558cz  a2200193n  4500</leader>
  <controlfield tag="001">10096524</controlfield>
  <controlfield tag="003">DLC</controlfield>
  <controlfield tag="005">20200104073225.0</controlfield>
  <controlfield tag="008">160302n| azannaabn          |a aaa      </controlfield>
  <datafield tag="010" ind1=" " ind2=" ">
    <subfield code="a">n 2016011378</subfield>
  </datafield>
  <datafield tag="035" ind1=" " ind2=" ">
    <subfield code="a">(OCoLC)oca10407683</subfield>
  </datafield>
  <datafield tag="040" ind1=" " ind2=" ">
    <subfield code="a">DLC</subfield>
    <subfield code="b">eng</subfield>
    <subfield code="e">rda</subfield>
    <subfield code="c">DLC</subfield>
    <subfield code="d">DLC</subfield>
    <subfield code="d">InU</subfield>
  </datafield>
  <datafield tag="046" ind1=" " ind2=" ">
    <subfield code="f">1963-06-24</subfield>
    <subfield code="2">edtf</subfield>
  </datafield>
  <datafield tag="100" ind1="1" ind2=" ">
    <subfield code="a">Kukiz, Paweł,</subfield>
    <subfield code="d">1963-</subfield>
  </datafield>
  <datafield tag="375" ind1=" " ind2=" ">
    <subfield code="a">Males</subfield>
    <subfield code="2">lcdgt</subfield>
  </datafield>
  <datafield tag="377" ind1=" " ind2=" ">
    <subfield code="a">pol</subfield>
  </datafield>
  <datafield tag="400" ind1="1" ind2=" ">
    <subfield code="a">Kukiz, Paweł Piotr,</subfield>
    <subfield code="d">1963-</subfield>
  </datafield>
  <datafield tag="670" ind1=" " ind2=" ">
    <subfield code="a">Paweł Kukiz, 2015:</subfield>
    <subfield code="b">t.p. (Paweł Kukiz)</subfield>
  </datafield>
  <datafield tag="670" ind1=" " ind2=" ">
    <subfield code="a">Wikipedia, March 3, 2016</subfield>
    <subfield code="b">(Paweł Piotr Kukiz (born 24 June 1963))</subfield>
  </datafield>
</record>