
<record>
  <leader>00471cz  a2200157n  4500</leader>
  <controlfield tag="001">10138267</controlfield>
  <controlfield tag="003">DLC</controlfield>
  <controlfield tag="005">20200104073226.0</controlfield>
  <controlfield tag="008">160419n| azannaabn          |a aaa     c</controlfield>
  <datafield tag="010" ind1=" " ind2=" ">
    <subfield code="a">no2016052657</subfield>
  </datafield>
  <datafield tag="035" ind1=" " ind2=" ">
    <subfield code="a">(OCoLC)oca10449888</subfield>
  </datafield>
  <datafield tag="040" ind1=" " ind2=" ">
    <subfield code="a">NcU</subfield>
    <subfield code="b">eng</subfield>
    <subfield code="e">rda</subfield>
    <subfield code="c">NcU</subfield>
    <subfield code="d">MH</subfield>
  </datafield>
  <datafield tag="100" ind1="1" ind2=" ">
    <subfield code="a">Fisher, Fish</subfield>
  </datafield>
  <datafield tag="374" ind1=" " ind2=" ">
    <subfield code="a">Musicians</subfield>
    <subfield code="a">Composers</subfield>
    <subfield code="2">lcsh</subfield>
  </datafield>
  <datafield tag="400" ind1="1" ind2=" ">
    <subfield code="a">Fisher, Michael J. &quot;Fish&quot;</subfield>
  </datafield>
  <datafield tag="670" ind1=" " ind2=" ">
    <subfield code="a">Gunpowder &amp; gasoline:</subfield>
    <subfield code="b">container (Fish Fisher; all songs written by Michael J &quot;Fish&quot; Fisher)</subfield>
  </datafield>
</record>