
<record>
  <leader>01008cz  a2200181n  4500</leader>
  <controlfield tag="001">10149656</controlfield>
  <controlfield tag="003">DLC</controlfield>
  <controlfield tag="005">20200104073226.0</controlfield>
  <controlfield tag="008">160502n| azannaabn          |a aaa     c</controlfield>
  <datafield tag="010" ind1=" " ind2=" ">
    <subfield code="a">no2016059567</subfield>
  </datafield>
  <datafield tag="035" ind1=" " ind2=" ">
    <subfield code="a">(OCoLC)oca10462108</subfield>
  </datafield>
  <datafield tag="040" ind1=" " ind2=" ">
    <subfield code="a">IAhCCS</subfield>
    <subfield code="b">eng</subfield>
    <subfield code="e">rda</subfield>
    <subfield code="c">IAhCCS</subfield>
    <subfield code="d">MH</subfield>
  </datafield>
  <datafield tag="100" ind1="0" ind2=" ">
    <subfield code="a">Gísli Þorsteinsson</subfield>
  </datafield>
  <datafield tag="373" ind1=" " ind2=" ">
    <subfield code="a">Háskóli Íslands. Menntavísindasvið</subfield>
    <subfield code="2">naf</subfield>
  </datafield>
  <datafield tag="374" ind1=" " ind2=" ">
    <subfield code="a">University and college faculty members</subfield>
    <subfield code="2">lcdgt</subfield>
  </datafield>
  <datafield tag="400" ind1="1" ind2=" ">
    <subfield code="w">nne</subfield>
    <subfield code="a">Thorsteinsson, Gisli</subfield>
  </datafield>
  <datafield tag="670" ind1=" " ind2=" ">
    <subfield code="a">The Iceland watch, 2016:</subfield>
    <subfield code="b">t.p. (Gisli Thorsteinsson)</subfield>
  </datafield>
  <datafield tag="670" ind1=" " ind2=" ">
    <subfield code="a">Háskóli Íslands website, viewed May 2, 2016</subfield>
    <subfield code="b">(Gísli Þorsteinsson = Gisli Thorsteinsson, is a Professor at Iceland University of Education, in the Department of Design and Craft Education.  At present, he is also a PhD student at Loughborough University in England, where he is exploring the pedagogical values of using Virtual Reality Learning Environment for improving ideation in the context of Innovation Education in Iceland)</subfield>
    <subfield code="u">http://uni.hi.is/cdt/</subfield>
  </datafield>
</record>