
<record>
  <leader>00797cz  a2200205n  4500</leader>
  <controlfield tag="001">10184959</controlfield>
  <controlfield tag="003">DLC</controlfield>
  <controlfield tag="005">20200104073226.0</controlfield>
  <controlfield tag="008">160615n| azannaabn          |b aaa      </controlfield>
  <datafield tag="010" ind1=" " ind2=" ">
    <subfield code="a">n 2016032510</subfield>
  </datafield>
  <datafield tag="035" ind1=" " ind2=" ">
    <subfield code="a">(OCoLC)oca10501637</subfield>
  </datafield>
  <datafield tag="040" ind1=" " ind2=" ">
    <subfield code="a">DLC</subfield>
    <subfield code="b">eng</subfield>
    <subfield code="e">rda</subfield>
    <subfield code="c">DLC</subfield>
    <subfield code="d">CU-I</subfield>
  </datafield>
  <datafield tag="046" ind1=" " ind2=" ">
    <subfield code="f">1964-05</subfield>
    <subfield code="2">edtf</subfield>
  </datafield>
  <datafield tag="100" ind1="1" ind2=" ">
    <subfield code="a">Zhou, Shiwen,</subfield>
    <subfield code="d">1964-</subfield>
  </datafield>
  <datafield tag="374" ind1=" " ind2=" ">
    <subfield code="a">Law teachers</subfield>
    <subfield code="2">lcsh</subfield>
  </datafield>
  <datafield tag="375" ind1=" " ind2=" ">
    <subfield code="a">Females</subfield>
    <subfield code="2">lcsh</subfield>
  </datafield>
  <datafield tag="400" ind1="1" ind2=" ">
    <subfield code="a">周莳文,</subfield>
    <subfield code="d">1964-</subfield>
  </datafield>
  <datafield tag="667" ind1=" " ind2=" ">
    <subfield code="a">Non-Latin script reference not evaluated</subfield>
  </datafield>
  <datafield tag="670" ind1=" " ind2=" ">
    <subfield code="a">Ji yin zi yuan chan quan an pai de duo wei xing yan jiu, 2014:</subfield>
    <subfield code="b">t.p. (周莳文 = Zhou Shiwen)</subfield>
  </datafield>
  <datafield tag="670" ind1=" " ind2=" ">
    <subfield code="a">Baidu baike, viewed June 15, 2016:</subfield>
    <subfield code="b">(周莳文: female; b. May 1964 in Guangdong Sheng Xinxing Shi; associate professor, Hua&apos;nan li gong da xue fa xue yuan zhi shi chan quan xue yuan; Ph.D in law)</subfield>
  </datafield>
</record>