
<record>
  <leader>00872cz  a2200241n  4500</leader>
  <controlfield tag="001">10227925</controlfield>
  <controlfield tag="003">DLC</controlfield>
  <controlfield tag="005">20200104073226.0</controlfield>
  <controlfield tag="008">160808n| azannaabn          |a aaa      </controlfield>
  <datafield tag="010" ind1=" " ind2=" ">
    <subfield code="a">n 2016042803</subfield>
  </datafield>
  <datafield tag="035" ind1=" " ind2=" ">
    <subfield code="a">(OCoLC)oca10548041</subfield>
  </datafield>
  <datafield tag="040" ind1=" " ind2=" ">
    <subfield code="a">DLC</subfield>
    <subfield code="b">eng</subfield>
    <subfield code="c">DLC</subfield>
    <subfield code="e">rda</subfield>
    <subfield code="d">CLU</subfield>
  </datafield>
  <datafield tag="046" ind1=" " ind2=" ">
    <subfield code="f">1910</subfield>
    <subfield code="g">1940</subfield>
    <subfield code="2">edtf</subfield>
  </datafield>
  <datafield tag="053" ind1=" " ind2="0">
    <subfield code="a">PK8548.S362</subfield>
  </datafield>
  <datafield tag="100" ind1="1" ind2=" ">
    <subfield code="a">Sema, A.,</subfield>
    <subfield code="d">1910-1940</subfield>
  </datafield>
  <datafield tag="375" ind1=" " ind2=" ">
    <subfield code="a">males</subfield>
    <subfield code="2">lcdgt</subfield>
  </datafield>
  <datafield tag="377" ind1=" " ind2=" ">
    <subfield code="a">arm</subfield>
  </datafield>
  <datafield tag="400" ind1="1" ind2=" ">
    <subfield code="a">Atʻmačean, Gełam,</subfield>
    <subfield code="d">1910-1940</subfield>
  </datafield>
  <datafield tag="400" ind1="1" ind2=" ">
    <subfield code="a">Atʻmachyan, Gegham Mihrani,</subfield>
    <subfield code="d">1920-1940</subfield>
  </datafield>
  <datafield tag="670" ind1=" " ind2=" ">
    <subfield code="a">Shamiram, 1938:</subfield>
    <subfield code="b">title page (A. Sema)</subfield>
  </datafield>
  <datafield tag="670" ind1=" " ind2=" ">
    <subfield code="a">Bardakjian, Kevork B., Reference guide to modern Armenian literature, 2000:</subfield>
    <subfield code="b">page 496 (A. Sema: born Gełam Atʻmačean in Bafra (Turkey); died in May 1940)</subfield>
  </datafield>
  <datafield tag="670" ind1=" " ind2=" ">
    <subfield code="a">Armenian Libraries Consortium online data base, August 8, 2016:</subfield>
    <subfield code="b">(Atʻmachyan, Gegham Mihrani, 1910-1940)</subfield>
  </datafield>
  <datafield tag="953" ind1=" " ind2=" ">
    <subfield code="a">cd16</subfield>
  </datafield>
</record>