
<record>
  <leader>01394cz  a2200241n  4500</leader>
  <controlfield tag="001">10238627</controlfield>
  <controlfield tag="003">DLC</controlfield>
  <controlfield tag="005">20200104073226.0</controlfield>
  <controlfield tag="008">160819n| azannaabn          |b ana     c</controlfield>
  <datafield tag="010" ind1=" " ind2=" ">
    <subfield code="a">no2016111634</subfield>
  </datafield>
  <datafield tag="035" ind1=" " ind2=" ">
    <subfield code="a">(OCoLC)oca10557685</subfield>
  </datafield>
  <datafield tag="040" ind1=" " ind2=" ">
    <subfield code="a">InU</subfield>
    <subfield code="b">eng</subfield>
    <subfield code="e">rda</subfield>
    <subfield code="c">InU</subfield>
    <subfield code="d">InU</subfield>
  </datafield>
  <datafield tag="046" ind1=" " ind2=" ">
    <subfield code="s">2014-04-01</subfield>
    <subfield code="2">edtf</subfield>
  </datafield>
  <datafield tag="110" ind1="2" ind2=" ">
    <subfield code="a">T︠S︡entr sot︠s︡ialʹno-politicheskoĭ istorii (Moscow, Russia)</subfield>
  </datafield>
  <datafield tag="370" ind1=" " ind2=" ">
    <subfield code="e">Moscow (Russia)</subfield>
    <subfield code="2">naf</subfield>
  </datafield>
  <datafield tag="410" ind1="2" ind2=" ">
    <subfield code="a">Центр социально-политической истории (Moscow, Russia)</subfield>
  </datafield>
  <datafield tag="410" ind1="2" ind2=" ">
    <subfield code="a">T︠S︡SPI</subfield>
  </datafield>
  <datafield tag="410" ind1="2" ind2=" ">
    <subfield code="a">T︠S︡.S.P.I.</subfield>
  </datafield>
  <datafield tag="510" ind1="2" ind2=" ">
    <subfield code="w">r</subfield>
    <subfield code="i">Predecessor:</subfield>
    <subfield code="a">Gosudarstvennai︠a︡ obshchestvenno-politicheskai︠a︡ biblioteka (Russia)</subfield>
  </datafield>
  <datafield tag="510" ind1="2" ind2=" ">
    <subfield code="w">r</subfield>
    <subfield code="i">Hierarchical superior:</subfield>
    <subfield code="a">Gosudarstvennai︠a︡ publichnai︠a︡ istoricheskai︠a︡ biblioteka (Russia)</subfield>
  </datafield>
  <datafield tag="667" ind1=" " ind2=" ">
    <subfield code="a">Non-Latin script reference not evaluated.</subfield>
  </datafield>
  <datafield tag="670" ind1=" " ind2=" ">
    <subfield code="a">Strategii︠a︡ i taktika Pobedy, 2015:</subfield>
    <subfield code="b">title page (T︠S︡entr sot︠s︡ialʹno-politicheskoĭ istorii)</subfield>
  </datafield>
  <datafield tag="670" ind1=" " ind2=" ">
    <subfield code="a">Russian Wikipedia, August 18, 2016</subfield>
    <subfield code="b">(T︠S︡entr sot︠s︡ialʹno-politicheskoĭ istorii (T︠S︡SPI; largest Russian scientific library, specializing in the field of social and political history; branch of the Gosudarstvennai︠a︡ publichnai︠a︡ istoricheskai︠a︡ biblioteka Rossii; 1992-2014 known as: Gosudarstvennai︠a︡ obshchestvenno-politicheskai︠a︡ biblioteka)</subfield>
  </datafield>
</record>