
<record>
  <leader>00542cz  a2200169n  4500</leader>
  <controlfield tag="001">10269110</controlfield>
  <controlfield tag="003">DLC</controlfield>
  <controlfield tag="005">20200104073227.0</controlfield>
  <controlfield tag="008">160927n| azannaabn          |n aaa      </controlfield>
  <datafield tag="010" ind1=" " ind2=" ">
    <subfield code="a">n 2016053117</subfield>
  </datafield>
  <datafield tag="035" ind1=" " ind2=" ">
    <subfield code="a">(OCoLC)oca10591621</subfield>
  </datafield>
  <datafield tag="040" ind1=" " ind2=" ">
    <subfield code="a">DLC</subfield>
    <subfield code="b">eng</subfield>
    <subfield code="e">rda</subfield>
    <subfield code="c">DLC</subfield>
    <subfield code="d">InU</subfield>
  </datafield>
  <datafield tag="100" ind1="1" ind2=" ">
    <subfield code="a">Boudvin, Simon</subfield>
  </datafield>
  <datafield tag="374" ind1=" " ind2=" ">
    <subfield code="a">Artists</subfield>
    <subfield code="a">Photographers</subfield>
    <subfield code="a">Authors</subfield>
    <subfield code="2">lcsh</subfield>
  </datafield>
  <datafield tag="377" ind1=" " ind2=" ">
    <subfield code="a">fre</subfield>
  </datafield>
  <datafield tag="670" ind1=" " ind2=" ">
    <subfield code="a">Tyndo de Thouars, 2015:</subfield>
    <subfield code="b">t.p. (Simon Boudvin)</subfield>
  </datafield>
  <datafield tag="670" ind1=" " ind2=" ">
    <subfield code="a">Boudvin, Simon. Un nouveau musée, 2018:</subfield>
    <subfield code="b">title page (Simon Boudvin) colophon (author; photographer; artist)</subfield>
  </datafield>
</record>