
<record>
  <leader>01942cz  a2200301n  4500</leader>
  <controlfield tag="001">10273539</controlfield>
  <controlfield tag="003">DLC</controlfield>
  <controlfield tag="005">20200104073227.0</controlfield>
  <controlfield tag="008">160930n| azannaabn          |a ana     c</controlfield>
  <datafield tag="010" ind1=" " ind2=" ">
    <subfield code="a">no2016132057</subfield>
  </datafield>
  <datafield tag="035" ind1=" " ind2=" ">
    <subfield code="a">(OCoLC)oca10594808</subfield>
  </datafield>
  <datafield tag="040" ind1=" " ind2=" ">
    <subfield code="a">ICU</subfield>
    <subfield code="b">eng</subfield>
    <subfield code="e">rda</subfield>
    <subfield code="c">ICU</subfield>
    <subfield code="d">ICU</subfield>
  </datafield>
  <datafield tag="110" ind1="2" ind2=" ">
    <subfield code="a">Československé národní sdružení v Americe</subfield>
  </datafield>
  <datafield tag="368" ind1=" " ind2=" ">
    <subfield code="a">Associations, institutions, etc.</subfield>
    <subfield code="2">lcsh</subfield>
  </datafield>
  <datafield tag="370" ind1=" " ind2=" ">
    <subfield code="e">Chicago (Ill.)</subfield>
    <subfield code="2">naf</subfield>
  </datafield>
  <datafield tag="372" ind1=" " ind2=" ">
    <subfield code="a">Czech Americans</subfield>
    <subfield code="2">lcsh</subfield>
  </datafield>
  <datafield tag="410" ind1="2" ind2=" ">
    <subfield code="a">ČNS</subfield>
  </datafield>
  <datafield tag="410" ind1="2" ind2=" ">
    <subfield code="a">Čsl. národní sdružení v Americe</subfield>
  </datafield>
  <datafield tag="410" ind1="2" ind2=" ">
    <subfield code="a">Čsl. N.S.</subfield>
  </datafield>
  <datafield tag="410" ind1="2" ind2=" ">
    <subfield code="a">Czechoslovak National Alliance of America</subfield>
  </datafield>
  <datafield tag="410" ind1="2" ind2=" ">
    <subfield code="a">Czechoslovak National Alliance (U.S.)</subfield>
  </datafield>
  <datafield tag="510" ind1="2" ind2=" ">
    <subfield code="w">a</subfield>
    <subfield code="a">České národní sdružení</subfield>
  </datafield>
  <datafield tag="510" ind1="2" ind2=" ">
    <subfield code="w">b</subfield>
    <subfield code="a">Americké národní sdružení Čechoslováků</subfield>
  </datafield>
  <datafield tag="670" ind1=" " ind2=" ">
    <subfield code="a">Na obranu míru, demokracie a Československa, 1938:</subfield>
    <subfield code="b">title page (... Čsl. Národního Sdružení v Americe) 10th unnumbered page (Czechoslovak National Alliance of America)</subfield>
  </datafield>
  <datafield tag="670" ind1=" " ind2=" ">
    <subfield code="a">Krajané a československý zahraniční odboj, 1938-1945, 2010:</subfield>
    <subfield code="b">page 5 (Československé národní sdružení v Americe)</subfield>
  </datafield>
  <datafield tag="670" ind1=" " ind2=" ">
    <subfield code="a">Věstník (Halletsville, Tex. : 1912), Ročník 26, Čislo 18, 4 May 1938:</subfield>
    <subfield code="b">page 1 (Československé Národní Sdružení v Americe; Czechoslovak National Alliance of America; address: 2345 So. Kedzie Ave., Chicago, Ill.)</subfield>
  </datafield>
  <datafield tag="670" ind1=" " ind2=" ">
    <subfield code="a">The Czechoslovak review, Volume 3, Number 12, 1919:</subfield>
    <subfield code="b">page 395 (Bohemian National Alliance of America changed its name to Czechoslovak National Alliance at a meeting held in Chicago, 15-16 November 1919)</subfield>
  </datafield>
  <datafield tag="670" ind1=" " ind2=" ">
    <subfield code="a">Zápis o sjezdu Československého národního sdružení v Americe (Czechoslovak National Alliance of America) konaném ve dnech 26. a 27. listopadu 1921 v Chicagu, Ill., 1922:</subfield>
    <subfield code="b">page 3 (ČNS) page 6 (Čsl. N.S.) page 57 (name changed to Americké národní sdružení Čechoslováků [in 1921])</subfield>
  </datafield>
</record>