
<record>
  <leader>01064cz  a2200253n  4500</leader>
  <controlfield tag="001">10291167</controlfield>
  <controlfield tag="003">DLC</controlfield>
  <controlfield tag="005">20200104073229.0</controlfield>
  <controlfield tag="008">161024n| azannaabn          |b ana      </controlfield>
  <datafield tag="010" ind1=" " ind2=" ">
    <subfield code="a">nb2016020842</subfield>
  </datafield>
  <datafield tag="035" ind1=" " ind2=" ">
    <subfield code="a">(Uk)009762236</subfield>
  </datafield>
  <datafield tag="035" ind1=" " ind2=" ">
    <subfield code="a">(OCoLC)oca10616084</subfield>
  </datafield>
  <datafield tag="040" ind1=" " ind2=" ">
    <subfield code="a">Uk</subfield>
    <subfield code="b">eng</subfield>
    <subfield code="e">rda</subfield>
    <subfield code="c">Uk</subfield>
    <subfield code="d">InU</subfield>
  </datafield>
  <datafield tag="110" ind1="2" ind2=" ">
    <subfield code="a">Taganrogskiĭ institut upravlenii︠a︡ i ėkonomiki</subfield>
  </datafield>
  <datafield tag="368" ind1=" " ind2=" ">
    <subfield code="a">Universities and colleges</subfield>
    <subfield code="2">lcsh</subfield>
  </datafield>
  <datafield tag="370" ind1=" " ind2=" ">
    <subfield code="c">Taganrog (Russia)</subfield>
    <subfield code="2">naf</subfield>
  </datafield>
  <datafield tag="372" ind1=" " ind2=" ">
    <subfield code="a">Economics</subfield>
    <subfield code="a">Management</subfield>
    <subfield code="2">lcsh</subfield>
  </datafield>
  <datafield tag="377" ind1=" " ind2=" ">
    <subfield code="a">rus</subfield>
  </datafield>
  <datafield tag="410" ind1="2" ind2=" ">
    <subfield code="a">Таганрогский институт управления и экономики</subfield>
  </datafield>
  <datafield tag="410" ind1="2" ind2=" ">
    <subfield code="a">TIUiĖ</subfield>
  </datafield>
  <datafield tag="410" ind1="2" ind2=" ">
    <subfield code="a">ТИУиЭ</subfield>
  </datafield>
  <datafield tag="667" ind1=" " ind2=" ">
    <subfield code="a">Non-Latin script reference not evaluated.</subfield>
  </datafield>
  <datafield tag="670" ind1=" " ind2=" ">
    <subfield code="a">Istorii︠a︡ Armi︠a︡nskoĭ Apostolʹskoĭ t︠s︡erkvi na Donu, XVIII-XX vv., 2008:</subfield>
    <subfield code="b">t.p. (Taganrogskiĭ institut upravlenii︠a︡ i ėkonomiki)</subfield>
  </datafield>
  <datafield tag="670" ind1=" " ind2=" ">
    <subfield code="a">Istoricheskiĭ Taganrog website, Jan. 3, 2020</subfield>
    <subfield code="b">&quot;Mordovt︠s︡ev Andreĭ I︠U︡rʹevich&quot; article (head of I︠U︡ridicheskiĭ fakulʹtet of TIUiĖ 2003-2006)</subfield>
  </datafield>
</record>