
<record>
  <leader>02574cz  a2200469n  4500</leader>
  <controlfield tag="001">10342414</controlfield>
  <controlfield tag="003">DLC</controlfield>
  <controlfield tag="005">20200104073229.0</controlfield>
  <controlfield tag="008">161230n| azannaabn          |b aaa      </controlfield>
  <datafield tag="010" ind1=" " ind2=" ">
    <subfield code="a">n 2016070442</subfield>
    <subfield code="z">n  86071467 </subfield>
    <subfield code="z">n 2005036369</subfield>
    <subfield code="z">n 2016070445</subfield>
  </datafield>
  <datafield tag="035" ind1=" " ind2=" ">
    <subfield code="a">(OCoLC)oca10669670</subfield>
  </datafield>
  <datafield tag="040" ind1=" " ind2=" ">
    <subfield code="a">DLC</subfield>
    <subfield code="b">eng</subfield>
    <subfield code="e">rda</subfield>
    <subfield code="c">DLC</subfield>
    <subfield code="d">DLC</subfield>
    <subfield code="d">ScU</subfield>
    <subfield code="d">MH</subfield>
  </datafield>
  <datafield tag="046" ind1=" " ind2=" ">
    <subfield code="f">1971-10-30</subfield>
    <subfield code="2">edtf</subfield>
  </datafield>
  <datafield tag="053" ind1=" " ind2="0">
    <subfield code="a">PL2909.I41222</subfield>
  </datafield>
  <datafield tag="100" ind1="1" ind2=" ">
    <subfield code="a">Tian, Xiaofei,</subfield>
    <subfield code="d">1971-</subfield>
  </datafield>
  <datafield tag="370" ind1=" " ind2=" ">
    <subfield code="c">China</subfield>
    <subfield code="c">Cambridge (Mass.)</subfield>
    <subfield code="2">naf</subfield>
  </datafield>
  <datafield tag="371" ind1=" " ind2=" ">
    <subfield code="m">stian@fas.harvard.edu</subfield>
  </datafield>
  <datafield tag="372" ind1=" " ind2=" ">
    <subfield code="a">Chinese literature</subfield>
    <subfield code="2">lcsh</subfield>
  </datafield>
  <datafield tag="373" ind1=" " ind2=" ">
    <subfield code="a">Harvard University</subfield>
    <subfield code="2">naf</subfield>
  </datafield>
  <datafield tag="374" ind1=" " ind2=" ">
    <subfield code="a">professor</subfield>
  </datafield>
  <datafield tag="374" ind1=" " ind2=" ">
    <subfield code="a">College teachers</subfield>
    <subfield code="2">lcsh</subfield>
  </datafield>
  <datafield tag="375" ind1=" " ind2=" ">
    <subfield code="a">Females</subfield>
    <subfield code="2">lcdgt</subfield>
  </datafield>
  <datafield tag="377" ind1=" " ind2=" ">
    <subfield code="a">chi</subfield>
    <subfield code="a">eng</subfield>
  </datafield>
  <datafield tag="400" ind1="1" ind2=" ">
    <subfield code="a">Owen, Xiaofei Tian,</subfield>
    <subfield code="d">1971-</subfield>
  </datafield>
  <datafield tag="400" ind1="1" ind2=" ">
    <subfield code="a">Tian, Sophie Xiaofei,</subfield>
    <subfield code="d">1971-</subfield>
  </datafield>
  <datafield tag="400" ind1="1" ind2=" ">
    <subfield code="w">nne</subfield>
    <subfield code="a">Tʻien, Hsiao-fei,</subfield>
    <subfield code="d">1971-</subfield>
  </datafield>
  <datafield tag="400" ind1="1" ind2=" ">
    <subfield code="a">Yuwen, Qiushui,</subfield>
    <subfield code="d">1971-</subfield>
  </datafield>
  <datafield tag="400" ind1="1" ind2=" ">
    <subfield code="a">宇文秋水,</subfield>
    <subfield code="d">1971-</subfield>
  </datafield>
  <datafield tag="400" ind1="1" ind2=" ">
    <subfield code="a">田曉菲,</subfield>
    <subfield code="d">1971-</subfield>
  </datafield>
  <datafield tag="400" ind1="1" ind2=" ">
    <subfield code="a">田晓菲,</subfield>
    <subfield code="d">1971-</subfield>
  </datafield>
  <datafield tag="667" ind1=" " ind2=" ">
    <subfield code="a">Machine-derived non-Latin script reference project.</subfield>
  </datafield>
  <datafield tag="667" ind1=" " ind2=" ">
    <subfield code="a">Non-Latin script references not evaluated.</subfield>
  </datafield>
  <datafield tag="667" ind1=" " ind2=" ">
    <subfield code="a">Non-Latin script references reviewed in NACO CJK Funnel References Project.</subfield>
  </datafield>
  <datafield tag="670" ind1=" " ind2=" ">
    <subfield code="a">Her Kʻuai le ti hsiao hsing, 1985:</subfield>
    <subfield code="b">t.p. (田晓菲 = Tʻien Hsiao-fei) p. 176, etc. (b. 10/30/71; lives in Tʻien-chin)</subfield>
  </datafield>
  <datafield tag="670" ind1=" " ind2=" ">
    <subfield code="a">Qiushui tang lun Jin Ping Mei, 2003:</subfield>
    <subfield code="b">t.p. (田晓菲 = Tian Xiaofei) pref. (her pen name 宇文秋水 = Yuwen Qiushui)</subfield>
  </datafield>
  <datafield tag="670" ind1=" " ind2=" ">
    <subfield code="a">MH Hollis catalog, Dec. 21, 2007</subfield>
    <subfield code="b">(hdg.: Tian, Xiaofei; Tian, Sophie Xiaofei; usage Xiaofei Tian; Sophie Xiaofei Tian)</subfield>
  </datafield>
  <datafield tag="670" ind1=" " ind2=" ">
    <subfield code="a">Department of East Asian Languages and Civilizations, Harvard University WWW site, Dec. 21, 2007:</subfield>
    <subfield code="b">cirriculum vitae linked to Faculty page (Xiaofei Tian; 田曉菲 = Tian Xiaofei; Ph. D., Harvard 1998; dissertation: Configuring the feminine; author of Qiushui tang lun Jin ping mei)</subfield>
  </datafield>
  <datafield tag="670" ind1=" " ind2=" ">
    <subfield code="a">Feng huo yu liu xing, 2010:</subfield>
    <subfield code="b">t.p. (田晓菲 = Tian Xiaofei) front flap (female; professor of Dong ya xi, Harvard University)</subfield>
  </datafield>
  <datafield tag="670" ind1=" " ind2=" ">
    <subfield code="a">The Oxford handbook of classical Chinese literature, 2017:</subfield>
    <subfield code="b">ECIP Data View (Owen, Xiaofei Tian; b. Nov. 30, 1971)</subfield>
  </datafield>
  <datafield tag="670" ind1=" " ind2=" ">
    <subfield code="a">The China questions, 2018:</subfield>
    <subfield code="b">page 321 (Xiaofei Tian, Harvard University ; professor of chinese literature)</subfield>
  </datafield>
  <datafield tag="670" ind1=" " ind2=" ">
    <subfield code="a">Harvard University web site, August 9, 2019:</subfield>
    <subfield code="b">(Xiaofei Tian, stian@fas.harvard.edu)</subfield>
    <subfield code="u">https://ealc.fas.harvard.edu/people/xiaofei-tian</subfield>
  </datafield>
  <datafield tag="670" ind1=" " ind2=" ">
    <subfield code="a">LC database, December 20, 2019</subfield>
    <subfield code="b">(access point: 田晓菲, 1971- = Tian, Xiaofei, 1971-; usage: 田晓菲 = Tian Xiaofei)</subfield>
  </datafield>
</record>