
<record>
  <leader>00788cz  a2200229n  4500</leader>
  <controlfield tag="001">10373909</controlfield>
  <controlfield tag="003">DLC</controlfield>
  <controlfield tag="005">20200104073230.0</controlfield>
  <controlfield tag="008">170209n| azaabaaan          |a ana     c</controlfield>
  <datafield tag="010" ind1=" " ind2=" ">
    <subfield code="a">no2017017273</subfield>
  </datafield>
  <datafield tag="035" ind1=" " ind2=" ">
    <subfield code="a">(OCoLC)oca10702924</subfield>
  </datafield>
  <datafield tag="040" ind1=" " ind2=" ">
    <subfield code="a">UkCU</subfield>
    <subfield code="b">eng</subfield>
    <subfield code="e">rda</subfield>
    <subfield code="c">UkCU</subfield>
    <subfield code="d">DNLM</subfield>
  </datafield>
  <datafield tag="130" ind1=" " ind2="0">
    <subfield code="a">Proximités-Sociologie</subfield>
  </datafield>
  <datafield tag="380" ind1=" " ind2=" ">
    <subfield code="a">Series (Publications)</subfield>
    <subfield code="2">lcsh</subfield>
  </datafield>
  <datafield tag="430" ind1=" " ind2="0">
    <subfield code="a">Collection &quot;Proximités sociologie&quot;</subfield>
  </datafield>
  <datafield tag="430" ind1=" " ind2="0">
    <subfield code="a">Sociologie, proximités</subfield>
  </datafield>
  <datafield tag="643" ind1=" " ind2=" ">
    <subfield code="a">Louvain-La-Neuve</subfield>
    <subfield code="b">EME éditions</subfield>
  </datafield>
  <datafield tag="644" ind1=" " ind2=" ">
    <subfield code="a">f</subfield>
    <subfield code="5">UkCU</subfield>
  </datafield>
  <datafield tag="645" ind1=" " ind2=" ">
    <subfield code="a">t</subfield>
    <subfield code="5">DPCC</subfield>
    <subfield code="5">UkCU</subfield>
  </datafield>
  <datafield tag="646" ind1=" " ind2=" ">
    <subfield code="a">s</subfield>
    <subfield code="5">UkCU</subfield>
  </datafield>
  <datafield tag="670" ind1=" " ind2=" ">
    <subfield code="a">Le monde rural, 2016:</subfield>
    <subfield code="b">series title page (Proximités-Sociologie)</subfield>
  </datafield>
  <datafield tag="670" ind1=" " ind2=" ">
    <subfield code="a">Représenter, classer et nommer, c2007:</subfield>
    <subfield code="b">ser. t.p. (Collection &quot;Proximités sociologie&quot;) p. 1 of cover (Sociologie, proximités)</subfield>
  </datafield>
</record>