
<record>
  <leader>01980cz  a2200265n  4500</leader>
  <controlfield tag="001">10412940</controlfield>
  <controlfield tag="003">DLC</controlfield>
  <controlfield tag="005">20200104203535.0</controlfield>
  <controlfield tag="008">170329n| azannaabn          |n aaa      </controlfield>
  <datafield tag="010" ind1=" " ind2=" ">
    <subfield code="a">n 2017018010</subfield>
  </datafield>
  <datafield tag="035" ind1=" " ind2=" ">
    <subfield code="a">(OCoLC)oca10750466</subfield>
  </datafield>
  <datafield tag="040" ind1=" " ind2=" ">
    <subfield code="a">DLC</subfield>
    <subfield code="b">eng</subfield>
    <subfield code="e">rda</subfield>
    <subfield code="c">DLC</subfield>
    <subfield code="d">MoSU</subfield>
    <subfield code="d">DLC</subfield>
  </datafield>
  <datafield tag="100" ind1="1" ind2=" ">
    <subfield code="a">Becker, Ulrich</subfield>
    <subfield code="c">(Writer on history of academia)</subfield>
  </datafield>
  <datafield tag="370" ind1=" " ind2=" ">
    <subfield code="c">Germany</subfield>
    <subfield code="f">Würzburg (Germany)</subfield>
    <subfield code="2">naf</subfield>
  </datafield>
  <datafield tag="372" ind1=" " ind2=" ">
    <subfield code="a">College students--Germany--Societies</subfield>
    <subfield code="2">lcsh</subfield>
  </datafield>
  <datafield tag="372" ind1=" " ind2=" ">
    <subfield code="a">Education, Higher--Germany--History</subfield>
    <subfield code="2">lcsh</subfield>
  </datafield>
  <datafield tag="373" ind1=" " ind2=" ">
    <subfield code="a">Bayerische Julius-Maximilians-Universität Würzburg. Institut für Hochschulkunde</subfield>
    <subfield code="2">naf</subfield>
  </datafield>
  <datafield tag="374" ind1=" " ind2=" ">
    <subfield code="a">Librarians</subfield>
    <subfield code="a">Historians of science</subfield>
    <subfield code="2">lcsh</subfield>
  </datafield>
  <datafield tag="377" ind1=" " ind2=" ">
    <subfield code="a">ger</subfield>
  </datafield>
  <datafield tag="667" ind1=" " ind2=" ">
    <subfield code="a">Formerly on undifferentiated name record: n 87908310</subfield>
  </datafield>
  <datafield tag="670" ind1=" " ind2=" ">
    <subfield code="a">Gladen, Paulgerhard. Gaudeamus igitur : die studentischen Verbindungen einst und jetzt, 1986:</subfield>
    <subfield code="b">title page (unter Mitarbeit von Ulrich Becker)</subfield>
  </datafield>
  <datafield tag="670" ind1=" " ind2=" ">
    <subfield code="a">Academia im Exlibris: Bucheignerzeichen von Universitäten und Hochschulen, Professoren und Studenten unter besonderer Berücksichtigung akademischer Vereinigungen und Korporationen, 2015:</subfield>
    <subfield code="b">title page (Ulrich Becker) preface (associated with the Universität Würzburg, Germany)</subfield>
  </datafield>
  <datafield tag="670" ind1=" " ind2=" ">
    <subfield code="a">Bayerische Julius-Maximilians-Universität Würzburg. Personal- und Vorlesungsverzeichnis, Wintersemester 1985/86:</subfield>
    <subfield code="b">page 41 (Becker, Ulrich; works at the Institut für Hochschulkunde, Universitätsbibliothek Würzburg)</subfield>
  </datafield>
  <datafield tag="670" ind1=" " ind2=" ">
    <subfield code="a">Fabian, Bernhard. Handbuch der historischen Buchbestände in Deutschland, viewed online on September 16, 2019</subfield>
    <subfield code="b">(under Bayern. Würzburg. Institut für Hochschulkunde: Ulrich Becker, Custos (i.e. curator) of the Institut&apos;s library (as of 1981))</subfield>
  </datafield>
  <datafield tag="670" ind1=" " ind2=" ">
    <subfield code="a">Deutsche Nationalbibliothek online catalog, viewed September 16, 2019</subfield>
    <subfield code="b">(authorized access point: Becker, Ulrich; other data in authority record: historian of science; associated with the Institut für Hochschulkunde in Würzburg)</subfield>
    <subfield code="u">http://d-nb.info/gnd/1105057585</subfield>
  </datafield>
</record>