
<record>
  <leader>00782cz  a2200181n  4500</leader>
  <controlfield tag="001">10416078</controlfield>
  <controlfield tag="003">DLC</controlfield>
  <controlfield tag="005">20200104073230.0</controlfield>
  <controlfield tag="008">170403n| azannaabn          |n aaa      </controlfield>
  <datafield tag="010" ind1=" " ind2=" ">
    <subfield code="a">n 2017183067</subfield>
  </datafield>
  <datafield tag="035" ind1=" " ind2=" ">
    <subfield code="a">(DNLM)1742118</subfield>
  </datafield>
  <datafield tag="035" ind1=" " ind2=" ">
    <subfield code="a">(OCoLC)oca10755102</subfield>
  </datafield>
  <datafield tag="040" ind1=" " ind2=" ">
    <subfield code="a">DNLM</subfield>
    <subfield code="b">eng</subfield>
    <subfield code="e">rda</subfield>
    <subfield code="c">DNLM</subfield>
    <subfield code="d">DNLM</subfield>
  </datafield>
  <datafield tag="046" ind1=" " ind2=" ">
    <subfield code="f">1974-11-08</subfield>
    <subfield code="2">edtf</subfield>
  </datafield>
  <datafield tag="100" ind1="1" ind2=" ">
    <subfield code="a">Liporace, Frank,</subfield>
    <subfield code="d">1974-</subfield>
  </datafield>
  <datafield tag="378" ind1=" " ind2=" ">
    <subfield code="q">Frank A.</subfield>
  </datafield>
  <datafield tag="670" ind1=" " ind2=" ">
    <subfield code="a">Surgical techniques and infection control in hip and knee arthoplasty, 2018:</subfield>
    <subfield code="b">ECIP title page (Frank Liporace) dataview (b. Nov. 8, 1974)</subfield>
  </datafield>
  <datafield tag="670" ind1=" " ind2=" ">
    <subfield code="a">Periprosthetic fractures of the hip and knee, 2019:</subfield>
    <subfield code="b">title page (Frank A. Liporace) title page verso (MD, Division of Orthopedic Trauma and Adult Reconstruction, Jersey City Medical Center--RWJBarnabas Health, Jersey City, NJ, USA)</subfield>
  </datafield>
</record>