
<record>
  <leader>00782cz  a2200181n  4500</leader>
  <controlfield tag="001">10416079</controlfield>
  <controlfield tag="003">DLC</controlfield>
  <controlfield tag="005">20200104073230.0</controlfield>
  <controlfield tag="008">170403n| azannaabn          |n aaa      </controlfield>
  <datafield tag="010" ind1=" " ind2=" ">
    <subfield code="a">n 2017183068</subfield>
  </datafield>
  <datafield tag="035" ind1=" " ind2=" ">
    <subfield code="a">(DNLM)1742119</subfield>
  </datafield>
  <datafield tag="035" ind1=" " ind2=" ">
    <subfield code="a">(OCoLC)oca10755578</subfield>
  </datafield>
  <datafield tag="040" ind1=" " ind2=" ">
    <subfield code="a">DNLM</subfield>
    <subfield code="b">eng</subfield>
    <subfield code="e">rda</subfield>
    <subfield code="c">DNLM</subfield>
    <subfield code="d">DNLM</subfield>
  </datafield>
  <datafield tag="046" ind1=" " ind2=" ">
    <subfield code="f">1983-04-11</subfield>
    <subfield code="2">edtf</subfield>
  </datafield>
  <datafield tag="100" ind1="1" ind2=" ">
    <subfield code="a">Yoon, Richard,</subfield>
    <subfield code="d">1983-</subfield>
  </datafield>
  <datafield tag="378" ind1=" " ind2=" ">
    <subfield code="q">Richard S.</subfield>
  </datafield>
  <datafield tag="670" ind1=" " ind2=" ">
    <subfield code="a">Surgical techniques and infection control in hip and knee arthoplasty, 2018:</subfield>
    <subfield code="b">ECIP title page (Richard Yoon) data view (b. April  11, 1983)</subfield>
  </datafield>
  <datafield tag="670" ind1=" " ind2=" ">
    <subfield code="a">Periprosthetic fractures of the hip and knee, 2019:</subfield>
    <subfield code="b">title page (Richard S. Yoon) title page verso (MD, Division of Orthopedic Trauma and Adult Reconstruction, Jersey City Medical Center--RWJBarnabas Health, Jersey City, NJ, USA)</subfield>
  </datafield>
</record>