
<record>
  <leader>00934cz  a2200217n  4500</leader>
  <controlfield tag="001">10435023</controlfield>
  <controlfield tag="003">DLC</controlfield>
  <controlfield tag="005">20200104073231.0</controlfield>
  <controlfield tag="008">170425n| azannaabn          |n aaa      </controlfield>
  <datafield tag="010" ind1=" " ind2=" ">
    <subfield code="a">n 2017023634</subfield>
  </datafield>
  <datafield tag="035" ind1=" " ind2=" ">
    <subfield code="a">(OCoLC)oca10782364</subfield>
  </datafield>
  <datafield tag="040" ind1=" " ind2=" ">
    <subfield code="a">DLC</subfield>
    <subfield code="b">eng</subfield>
    <subfield code="e">rda</subfield>
    <subfield code="c">DLC</subfield>
    <subfield code="d">ICrlF</subfield>
  </datafield>
  <datafield tag="100" ind1="1" ind2=" ">
    <subfield code="a">Scirri, Kaitlin</subfield>
  </datafield>
  <datafield tag="372" ind1=" " ind2=" ">
    <subfield code="a">Children&apos;s literature</subfield>
    <subfield code="2">lcsh</subfield>
  </datafield>
  <datafield tag="373" ind1=" " ind2=" ">
    <subfield code="a">Cavendish Square Publishing LLC</subfield>
    <subfield code="2">naf</subfield>
  </datafield>
  <datafield tag="374" ind1=" " ind2=" ">
    <subfield code="a">Authors</subfield>
    <subfield code="a">Editors</subfield>
    <subfield code="2">lcsh</subfield>
  </datafield>
  <datafield tag="375" ind1=" " ind2=" ">
    <subfield code="a">Females</subfield>
    <subfield code="2">lcdgt</subfield>
  </datafield>
  <datafield tag="377" ind1=" " ind2=" ">
    <subfield code="a">eng</subfield>
  </datafield>
  <datafield tag="670" ind1=" " ind2=" ">
    <subfield code="a">Property rights, 2018:</subfield>
    <subfield code="b">ECIP t.p. (Kaitlin Scirri)</subfield>
  </datafield>
  <datafield tag="670" ind1=" " ind2=" ">
    <subfield code="a">Scirri, Kaitlin. Misty Coleland, 2020:</subfield>
    <subfield code="b">t.p. (Kaitlin Scirri) p. 32 (Kaitlin Scirri; freelance editor and author of books for children and teens; holds a bachelor&apos;s degree in writing from the SUNY at Buffalo St. College; other titles include Civic values: Property rights)</subfield>
  </datafield>
  <datafield tag="670" ind1=" " ind2=" ">
    <subfield code="a">OCLC, Jan. 3, 2020:</subfield>
    <subfield code="b">(Scirri, Kaitlin; all titles published by Cavendish Square, 2018-2020)</subfield>
  </datafield>
</record>