
<record>
  <leader>01133cz  a2200253n  4500</leader>
  <controlfield tag="001">10444193</controlfield>
  <controlfield tag="003">DLC</controlfield>
  <controlfield tag="005">20200104073231.0</controlfield>
  <controlfield tag="008">170504n| azannaabn          |n aaa     c</controlfield>
  <datafield tag="010" ind1=" " ind2=" ">
    <subfield code="a">no2017057787</subfield>
  </datafield>
  <datafield tag="016" ind1=" " ind2=" ">
    <subfield code="a">1025H9425E</subfield>
  </datafield>
  <datafield tag="035" ind1=" " ind2=" ">
    <subfield code="a">(OCoLC)oca10791348</subfield>
  </datafield>
  <datafield tag="040" ind1=" " ind2=" ">
    <subfield code="a">NN</subfield>
    <subfield code="b">eng</subfield>
    <subfield code="e">rda</subfield>
    <subfield code="c">NN</subfield>
    <subfield code="d">CaOONL</subfield>
  </datafield>
  <datafield tag="042" ind1=" " ind2=" ">
    <subfield code="a">nlc</subfield>
  </datafield>
  <datafield tag="046" ind1=" " ind2=" ">
    <subfield code="f">1989-01-14</subfield>
    <subfield code="2">edtf</subfield>
  </datafield>
  <datafield tag="100" ind1="1" ind2=" ">
    <subfield code="a">Faucher, Marilyn</subfield>
  </datafield>
  <datafield tag="370" ind1=" " ind2=" ">
    <subfield code="a">Montréal (Québec)</subfield>
    <subfield code="c">Canada</subfield>
    <subfield code="e">Montréal (Québec)</subfield>
    <subfield code="2">naf</subfield>
  </datafield>
  <datafield tag="372" ind1=" " ind2=" ">
    <subfield code="a">Illustration of books</subfield>
    <subfield code="2">lcsh</subfield>
  </datafield>
  <datafield tag="374" ind1=" " ind2=" ">
    <subfield code="a">Graphic artists</subfield>
    <subfield code="a">Illustrators</subfield>
    <subfield code="2">lcsh</subfield>
  </datafield>
  <datafield tag="375" ind1=" " ind2=" ">
    <subfield code="a">Females</subfield>
    <subfield code="2">lcdgt</subfield>
  </datafield>
  <datafield tag="670" ind1=" " ind2=" ">
    <subfield code="a">Kaner, Etta. Animals do, too!, 2017:</subfield>
    <subfield code="b">title page (Marilyn Faucher) bookjacket backflap (illustrator and graphic designer, inspired by nature, animals, food and bicycle adventures; loves to dance; lives in Montreal, Quebec)</subfield>
  </datafield>
  <datafield tag="670" ind1=" " ind2=" ">
    <subfield code="a">Canadiana, February 15, 2019</subfield>
    <subfield code="b">(access point: Faucher, Marilyn, 1989-; born 1989-01-14; Canadian)</subfield>
  </datafield>
  <datafield tag="670" ind1=" " ind2=" ">
    <subfield code="a">My bright friend, 2019:</subfield>
    <subfield code="b">about the author page (Marilyn Faucher; born and raised in Montreal; lives in a small town not far from Montreal)</subfield>
  </datafield>
  <datafield tag="700" ind1="1" ind2="6">
    <subfield code="a">Faucher, Marilyn,</subfield>
    <subfield code="d">1989-</subfield>
    <subfield code="0">(CaOONL)ncf10635232</subfield>
  </datafield>
</record>