
<record>
  <leader>00976cz  a2200193n  4500</leader>
  <controlfield tag="001">10493089</controlfield>
  <controlfield tag="003">DLC</controlfield>
  <controlfield tag="005">20200104073231.0</controlfield>
  <controlfield tag="008">170630n| azannaabn          |b aaa      </controlfield>
  <datafield tag="010" ind1=" " ind2=" ">
    <subfield code="a">n 2017038808</subfield>
  </datafield>
  <datafield tag="035" ind1=" " ind2=" ">
    <subfield code="a">(OCoLC)oca10878602</subfield>
  </datafield>
  <datafield tag="040" ind1=" " ind2=" ">
    <subfield code="a">DLC</subfield>
    <subfield code="b">eng</subfield>
    <subfield code="e">rda</subfield>
    <subfield code="c">DLC</subfield>
    <subfield code="d">InU</subfield>
  </datafield>
  <datafield tag="100" ind1="1" ind2=" ">
    <subfield code="a">Apolʹskiĭ, E. A.</subfield>
    <subfield code="q">(Evgeniĭ Aleksandrovich)</subfield>
  </datafield>
  <datafield tag="372" ind1=" " ind2=" ">
    <subfield code="a">Law</subfield>
    <subfield code="2">lcsh</subfield>
  </datafield>
  <datafield tag="400" ind1="1" ind2=" ">
    <subfield code="a">Апольский, Е. А.</subfield>
    <subfield code="q">(Евгений Александрович)</subfield>
  </datafield>
  <datafield tag="400" ind1="1" ind2=" ">
    <subfield code="a">Apolʹskiĭ, Evgeniĭ Aleksandrovich</subfield>
  </datafield>
  <datafield tag="400" ind1="1" ind2=" ">
    <subfield code="a">Апольский, Евгений Александрович</subfield>
  </datafield>
  <datafield tag="667" ind1=" " ind2=" ">
    <subfield code="a">Non-Latin script reference not evaluated</subfield>
  </datafield>
  <datafield tag="670" ind1=" " ind2=" ">
    <subfield code="a">Grazhdansko-pravovye uchenii︠a︡ v dissertat︠s︡ionnykh issledovanii︠a︡kh universitetov Rossiĭskoĭ imperii, 2017:</subfield>
    <subfield code="b">t.p. (Е.А. Апольский = E.A. Apolʹskiĭ) colophon (Апольский Евгений Александрович = Apolʹskiĭ Evgeniĭ Aleksandrovich) t.p. verso (kandidat i︠u︡ridicheskikh nauk)</subfield>
  </datafield>
</record>