
<record>
  <leader>01334cz  a2200253n  4500</leader>
  <controlfield tag="001">10508352</controlfield>
  <controlfield tag="003">DLC</controlfield>
  <controlfield tag="005">20200104073231.0</controlfield>
  <controlfield tag="008">170719n| azannaabn          |a aaa      </controlfield>
  <datafield tag="010" ind1=" " ind2=" ">
    <subfield code="a">n 2017042848</subfield>
  </datafield>
  <datafield tag="035" ind1=" " ind2=" ">
    <subfield code="a">(OCoLC)oca10904145</subfield>
  </datafield>
  <datafield tag="040" ind1=" " ind2=" ">
    <subfield code="a">DLC</subfield>
    <subfield code="b">eng</subfield>
    <subfield code="e">rda</subfield>
    <subfield code="c">DLC</subfield>
    <subfield code="d">MH</subfield>
  </datafield>
  <datafield tag="100" ind1="1" ind2=" ">
    <subfield code="a">Fisher, Michael</subfield>
    <subfield code="q">(Michael G.)</subfield>
  </datafield>
  <datafield tag="370" ind1=" " ind2=" ">
    <subfield code="e">Malibu (Calif.)</subfield>
    <subfield code="2">naf</subfield>
  </datafield>
  <datafield tag="372" ind1=" " ind2=" ">
    <subfield code="a">Music</subfield>
    <subfield code="a">Motion picture music</subfield>
    <subfield code="2">lcsh</subfield>
  </datafield>
  <datafield tag="373" ind1=" " ind2=" ">
    <subfield code="a">Kazu Matsui Project (Musical group)</subfield>
    <subfield code="2">naf</subfield>
  </datafield>
  <datafield tag="374" ind1=" " ind2=" ">
    <subfield code="a">Percussionists</subfield>
    <subfield code="2">lcsh</subfield>
  </datafield>
  <datafield tag="375" ind1=" " ind2=" ">
    <subfield code="a">Males</subfield>
    <subfield code="2">lcdgt</subfield>
  </datafield>
  <datafield tag="378" ind1=" " ind2=" ">
    <subfield code="q">Michael G.</subfield>
  </datafield>
  <datafield tag="400" ind1="1" ind2=" ">
    <subfield code="a">Fisher, Mike</subfield>
    <subfield code="q">(Michael G.)</subfield>
  </datafield>
  <datafield tag="667" ind1=" " ind2=" ">
    <subfield code="a">Cannot identify with: Fisher, Mike (Percussionist) (LCCN no2002017361)</subfield>
  </datafield>
  <datafield tag="670" ind1=" " ind2=" ">
    <subfield code="a">Jarre, M. After dark, my sweet [SR] ℗1990:</subfield>
    <subfield code="b">container (performed by Michael Fisher)</subfield>
  </datafield>
  <datafield tag="670" ind1=" " ind2=" ">
    <subfield code="a">Discogs.com WWW site, July 19, 2017:</subfield>
    <subfield code="b">(Michael Fisher; real name: Michael G. Fisher; percussionist; based in Malibu, California; in group: The Kazu Matsui Project)</subfield>
    <subfield code="u">https://www.discogs.com/artist/379730-Michael-Fisher</subfield>
  </datafield>
  <datafield tag="670" ind1=" " ind2=" ">
    <subfield code="a">Fuckyeahthomasnewman Tumblr WWW site, viewed July 19, 2017:</subfield>
    <subfield code="b">(Michael G. Fisher, percussion, occasionally brass guy; also credited as Mike Fisher or Michael Fisher; owns Dondon, Inc.; percussionist and studio musician)</subfield>
    <subfield code="u">http://fuckyeahthomasnewman.tumblr.com/post/33249160053/michael-fisher-percussion-occasionally-brass</subfield>
  </datafield>
</record>