
<record>
  <leader>01155cz  a2200265n  4500</leader>
  <controlfield tag="001">10683444</controlfield>
  <controlfield tag="003">DLC</controlfield>
  <controlfield tag="005">20200104073232.0</controlfield>
  <controlfield tag="008">180226n| azannaabn          |a aaa     c</controlfield>
  <datafield tag="010" ind1=" " ind2=" ">
    <subfield code="a">no2018024656</subfield>
  </datafield>
  <datafield tag="016" ind1=" " ind2=" ">
    <subfield code="a">0018E0071E</subfield>
  </datafield>
  <datafield tag="035" ind1=" " ind2=" ">
    <subfield code="a">(OCoLC)oca11215627</subfield>
  </datafield>
  <datafield tag="040" ind1=" " ind2=" ">
    <subfield code="a">GEU</subfield>
    <subfield code="b">eng</subfield>
    <subfield code="e">rda</subfield>
    <subfield code="c">GEU</subfield>
    <subfield code="d">CaBViV</subfield>
    <subfield code="d">CaOONL</subfield>
  </datafield>
  <datafield tag="046" ind1=" " ind2=" ">
    <subfield code="f">1955</subfield>
    <subfield code="2">edtf</subfield>
  </datafield>
  <datafield tag="100" ind1="1" ind2=" ">
    <subfield code="a">Muller, Robin,</subfield>
    <subfield code="d">1955-</subfield>
  </datafield>
  <datafield tag="370" ind1=" " ind2=" ">
    <subfield code="e">Canada</subfield>
    <subfield code="2">naf</subfield>
  </datafield>
  <datafield tag="373" ind1=" " ind2=" ">
    <subfield code="a">Nova Scotia College of Art and Design</subfield>
    <subfield code="2">naf</subfield>
    <subfield code="s">1979</subfield>
    <subfield code="t">2015</subfield>
  </datafield>
  <datafield tag="374" ind1=" " ind2=" ">
    <subfield code="a">Weavers</subfield>
    <subfield code="a">Book artists</subfield>
    <subfield code="a">College teachers</subfield>
    <subfield code="2">lcsh</subfield>
  </datafield>
  <datafield tag="378" ind1=" " ind2=" ">
    <subfield code="q">Robin Elizabeth</subfield>
  </datafield>
  <datafield tag="400" ind1="1" ind2=" ">
    <subfield code="a">Muller, Robin E.,</subfield>
    <subfield code="d">1955-</subfield>
  </datafield>
  <datafield tag="400" ind1="1" ind2=" ">
    <subfield code="a">Muller, Robin E.</subfield>
    <subfield code="q">(Robin Elizabeth),</subfield>
    <subfield code="d">1955-</subfield>
  </datafield>
  <datafield tag="670" ind1=" " ind2=" ">
    <subfield code="a">Textiles of the millenium, 1999 :</subfield>
    <subfield code="b">Cover (by Robin E. Muller)</subfield>
  </datafield>
  <datafield tag="670" ind1=" " ind2=" ">
    <subfield code="a">Robin Muller website, Feb. 26, 2018</subfield>
    <subfield code="b">Biography (Robin Muller was born in Virginia in 1955... join the faculty of NSCAD in 1979. She retired in 2015...), Work (Jacqard weaving, book arts)</subfield>
  </datafield>
  <datafield tag="670" ind1=" " ind2=" ">
    <subfield code="a">Canadiana database, viewed 6 December 2019</subfield>
    <subfield code="b">(Authorized access point: Muller, Robin E. (Robin Elizabeth), 1955- ; Lives in Canada)</subfield>
  </datafield>
  <datafield tag="700" ind1="1" ind2="6">
    <subfield code="a">Muller, Robin E.</subfield>
    <subfield code="q">(Robin Elizabeth),</subfield>
    <subfield code="d">1955-</subfield>
    <subfield code="0">(CaOONL)ncf10045902</subfield>
  </datafield>
</record>