
<record>
  <leader>00647cz  a2200193n  4500</leader>
  <controlfield tag="001">10729931</controlfield>
  <controlfield tag="003">DLC</controlfield>
  <controlfield tag="005">20200104073233.0</controlfield>
  <controlfield tag="008">180420n| azannaabn          |n aaa      </controlfield>
  <datafield tag="010" ind1=" " ind2=" ">
    <subfield code="a">n 2018022434</subfield>
  </datafield>
  <datafield tag="035" ind1=" " ind2=" ">
    <subfield code="a">(OCoLC)oca11308053</subfield>
  </datafield>
  <datafield tag="040" ind1=" " ind2=" ">
    <subfield code="a">DLC</subfield>
    <subfield code="b">eng</subfield>
    <subfield code="c">DLC</subfield>
    <subfield code="e">rda</subfield>
    <subfield code="d">OCoLC</subfield>
    <subfield code="d">CU-I</subfield>
  </datafield>
  <datafield tag="046" ind1=" " ind2=" ">
    <subfield code="f">1982</subfield>
  </datafield>
  <datafield tag="100" ind1="1" ind2=" ">
    <subfield code="a">Crispin, Julia,</subfield>
    <subfield code="d">1982-</subfield>
  </datafield>
  <datafield tag="370" ind1=" " ind2=" ">
    <subfield code="e">Münster (Germany)</subfield>
  </datafield>
  <datafield tag="374" ind1=" " ind2=" ">
    <subfield code="a">Historians</subfield>
  </datafield>
  <datafield tag="375" ind1=" " ind2=" ">
    <subfield code="a">female</subfield>
  </datafield>
  <datafield tag="670" ind1=" " ind2=" ">
    <subfield code="a">Krieg und Kunst, 2018:</subfield>
    <subfield code="b">t.p. (Julia Crispin)</subfield>
  </datafield>
  <datafield tag="670" ind1=" " ind2=" ">
    <subfield code="a">WWU Münster WWW site, April 20, 2018</subfield>
    <subfield code="b">(Dr.des. Julia Crispin; b. 1982; study of art history and medieval history at Westfälische Wilhelms-Universität Münster)</subfield>
  </datafield>
</record>