
<record>
  <leader>00585cz  a2200169n  4500</leader>
  <controlfield tag="001">10740981</controlfield>
  <controlfield tag="003">DLC</controlfield>
  <controlfield tag="005">20200104073233.0</controlfield>
  <controlfield tag="008">180503n| azannaabn          |a ana      </controlfield>
  <datafield tag="010" ind1=" " ind2=" ">
    <subfield code="a">n 2018025622</subfield>
  </datafield>
  <datafield tag="016" ind1=" " ind2=" ">
    <subfield code="a">1009B5894E</subfield>
  </datafield>
  <datafield tag="035" ind1=" " ind2=" ">
    <subfield code="a">(OCoLC)oca11329863</subfield>
  </datafield>
  <datafield tag="040" ind1=" " ind2=" ">
    <subfield code="a">DLC</subfield>
    <subfield code="b">eng</subfield>
    <subfield code="e">rda</subfield>
    <subfield code="c">DLC</subfield>
    <subfield code="d">CaOONL</subfield>
  </datafield>
  <datafield tag="042" ind1=" " ind2=" ">
    <subfield code="a">nlc</subfield>
  </datafield>
  <datafield tag="110" ind1="1" ind2=" ">
    <subfield code="a">Canada.</subfield>
    <subfield code="t">Interpretation Act</subfield>
  </datafield>
  <datafield tag="410" ind1="1" ind2=" ">
    <subfield code="a">Canada.</subfield>
    <subfield code="t">Loi d&apos;interprétation</subfield>
  </datafield>
  <datafield tag="670" ind1=" " ind2=" ">
    <subfield code="a">The annotated federal Interpretation Act, 2016:</subfield>
    <subfield code="b">p. 1 (short title: may be cited as the Interpretation Act; titre abrégé: Loi d&apos;interprétation; R.S.C. 1985 c. I-21 as am.)</subfield>
  </datafield>
</record>