
<record>
  <leader>01059cz  a2200253n  4500</leader>
  <controlfield tag="001">10763816</controlfield>
  <controlfield tag="003">DLC</controlfield>
  <controlfield tag="005">20200104073220.0</controlfield>
  <controlfield tag="008">180530n| azannaabn          |a aaa     c</controlfield>
  <datafield tag="010" ind1=" " ind2=" ">
    <subfield code="a">no2018072355</subfield>
  </datafield>
  <datafield tag="035" ind1=" " ind2=" ">
    <subfield code="a">(OCoLC)oca11369816</subfield>
  </datafield>
  <datafield tag="040" ind1=" " ind2=" ">
    <subfield code="a">UkCU</subfield>
    <subfield code="b">eng</subfield>
    <subfield code="e">rda</subfield>
    <subfield code="c">UkCU</subfield>
    <subfield code="d">DLC</subfield>
  </datafield>
  <datafield tag="046" ind1=" " ind2=" ">
    <subfield code="f">1666</subfield>
    <subfield code="g">1746</subfield>
    <subfield code="2">edtf</subfield>
  </datafield>
  <datafield tag="100" ind1="1" ind2=" ">
    <subfield code="a">Gilbert, Jean,</subfield>
    <subfield code="d">1666-1746</subfield>
  </datafield>
  <datafield tag="400" ind1="1" ind2=" ">
    <subfield code="a">Gilbert De l&apos;Isle, Jean,</subfield>
    <subfield code="d">1666-1746</subfield>
  </datafield>
  <datafield tag="400" ind1="1" ind2=" ">
    <subfield code="a">Gilbert de DeLisle, Jean,</subfield>
    <subfield code="d">1666-1746</subfield>
  </datafield>
  <datafield tag="400" ind1="1" ind2=" ">
    <subfield code="a">De l&apos;Isle, Jean Gilbert,</subfield>
    <subfield code="d">1666-1746</subfield>
  </datafield>
  <datafield tag="400" ind1="1" ind2=" ">
    <subfield code="a">DeLisle, Jean Gilbert,</subfield>
    <subfield code="d">1666-1746</subfield>
  </datafield>
  <datafield tag="370" ind1=" " ind2=" ">
    <subfield code="a">Gommecourt (Pas-de-Calais, France)</subfield>
    <subfield code="b">Paris (France)</subfield>
    <subfield code="2">naf</subfield>
  </datafield>
  <datafield tag="374" ind1=" " ind2=" ">
    <subfield code="a">Archivists</subfield>
    <subfield code="2">lcsh</subfield>
  </datafield>
  <datafield tag="375" ind1=" " ind2=" ">
    <subfield code="a">Males</subfield>
    <subfield code="2">lcdgt</subfield>
  </datafield>
  <datafield tag="377" ind1=" " ind2=" ">
    <subfield code="a">fre</subfield>
  </datafield>
  <datafield tag="670" ind1=" " ind2=" ">
    <subfield code="a">Gilbert, Jean. Magistrature et quotidien du Parlement de Paris dans le premier XVIIIe siècle, 2016:</subfield>
    <subfield code="b">title page (Jean Gilbert) page 4 of cover (archivist, Parlement du Paris) p. 9, etc. (sometimes referred to Jean Gilbert De l&apos;Isle or DeLisle)</subfield>
  </datafield>
  <datafield tag="670" ind1=" " ind2=" ">
    <subfield code="a">DNB database, May 30, 2018</subfield>
    <subfield code="b">(Gilbert, Jean; born in Gommecort in 1666; died in Paris in 1746)</subfield>
  </datafield>
</record>