
<record>
  <leader>00408cz  a2200133n  4500</leader>
  <controlfield tag="001">10790929</controlfield>
  <controlfield tag="003">DLC</controlfield>
  <controlfield tag="005">20200104073233.0</controlfield>
  <controlfield tag="008">180702n| azannaabn          |n aaa      </controlfield>
  <datafield tag="010" ind1=" " ind2=" ">
    <subfield code="a">n 2018038525</subfield>
  </datafield>
  <datafield tag="035" ind1=" " ind2=" ">
    <subfield code="a">(OCoLC)oca11428663</subfield>
  </datafield>
  <datafield tag="040" ind1=" " ind2=" ">
    <subfield code="a">DLC</subfield>
    <subfield code="b">eng</subfield>
    <subfield code="e">rda</subfield>
    <subfield code="c">DLC</subfield>
    <subfield code="d">CU-I</subfield>
  </datafield>
  <datafield tag="100" ind1="1" ind2=" ">
    <subfield code="a">Jin, Tongdan</subfield>
  </datafield>
  <datafield tag="670" ind1=" " ind2=" ">
    <subfield code="a">Reliability engineering and services, 2018:</subfield>
    <subfield code="b">ECIP t.p. (Dr. Tongdan Jin, Professor, Texas State University, USA)</subfield>
  </datafield>
</record>