
<record>
  <leader>00769cz  a2200145n  4500</leader>
  <controlfield tag="001">10796576</controlfield>
  <controlfield tag="003">DLC</controlfield>
  <controlfield tag="005">20200104073233.0</controlfield>
  <controlfield tag="008">180709n| azannaabn          |n aaa     c</controlfield>
  <datafield tag="010" ind1=" " ind2=" ">
    <subfield code="a">no2018090995</subfield>
  </datafield>
  <datafield tag="035" ind1=" " ind2=" ">
    <subfield code="a">(OCoLC)oca11437646</subfield>
  </datafield>
  <datafield tag="040" ind1=" " ind2=" ">
    <subfield code="a">OU</subfield>
    <subfield code="b">eng</subfield>
    <subfield code="e">rda</subfield>
    <subfield code="c">OU</subfield>
    <subfield code="d">CU-I</subfield>
  </datafield>
  <datafield tag="100" ind1="1" ind2=" ">
    <subfield code="a">Sutherland, Samuel S.</subfield>
  </datafield>
  <datafield tag="670" ind1=" " ind2=" ">
    <subfield code="a">Mancipia Dei, 2017:</subfield>
    <subfield code="b">OhioLINK ETD Center, viewed July 9, 2018 (Samuel S. Sutherland; Ph. D. dissertation, History, The Ohio State University)</subfield>
    <subfield code="u">http://rave.ohiolink.edu/etdc/view?acc_num=osu150046157710009</subfield>
  </datafield>
  <datafield tag="670" ind1=" " ind2=" ">
    <subfield code="a">Stephen F. Austin State University WWW site, July 9, 2018</subfield>
    <subfield code="b">(Samuel S. Sutherland; Assistant professor, History; M.A. in Ancient history and language from Indiana University in 2012; Ph. D. Medieval history from the Ohio State University in 2017)</subfield>
  </datafield>
</record>