
<record>
  <leader>01912cz  a2200289n  4500</leader>
  <controlfield tag="001">10810473</controlfield>
  <controlfield tag="003">DLC</controlfield>
  <controlfield tag="005">20200104073233.0</controlfield>
  <controlfield tag="008">180725n| azannaabn          |a ana     c</controlfield>
  <datafield tag="010" ind1=" " ind2=" ">
    <subfield code="a">no2018098799</subfield>
  </datafield>
  <datafield tag="035" ind1=" " ind2=" ">
    <subfield code="a">(OCoLC)oca11465850</subfield>
  </datafield>
  <datafield tag="040" ind1=" " ind2=" ">
    <subfield code="a">ICU</subfield>
    <subfield code="b">eng</subfield>
    <subfield code="e">rda</subfield>
    <subfield code="c">ICU</subfield>
    <subfield code="d">ICU</subfield>
  </datafield>
  <datafield tag="046" ind1=" " ind2=" ">
    <subfield code="s">1921</subfield>
    <subfield code="2">edtf</subfield>
  </datafield>
  <datafield tag="110" ind1="2" ind2=" ">
    <subfield code="a">Americké národní sdružení Čechoslováků</subfield>
  </datafield>
  <datafield tag="368" ind1=" " ind2=" ">
    <subfield code="a">Associations, institutions, etc.</subfield>
    <subfield code="a">Czechoslovaks--United States--Societies, etc.</subfield>
    <subfield code="2">lcsh</subfield>
  </datafield>
  <datafield tag="370" ind1=" " ind2=" ">
    <subfield code="e">Cleveland (Ohio)</subfield>
    <subfield code="2">naf</subfield>
  </datafield>
  <datafield tag="377" ind1=" " ind2=" ">
    <subfield code="a">cze</subfield>
  </datafield>
  <datafield tag="410" ind1="2" ind2=" ">
    <subfield code="w">nne</subfield>
    <subfield code="a">Americká národní sdružení Čechoslováků</subfield>
  </datafield>
  <datafield tag="410" ind1="2" ind2=" ">
    <subfield code="a">Am. nár. sdružení Čechoslováků</subfield>
  </datafield>
  <datafield tag="410" ind1="2" ind2=" ">
    <subfield code="a">A.N.S.Č.</subfield>
  </datafield>
  <datafield tag="410" ind1="2" ind2=" ">
    <subfield code="a">American National Alliance of Czechoslovaks</subfield>
  </datafield>
  <datafield tag="410" ind1="2" ind2=" ">
    <subfield code="a">Czechoslovak National Alliance of America</subfield>
  </datafield>
  <datafield tag="510" ind1="2" ind2=" ">
    <subfield code="w">a</subfield>
    <subfield code="a">Československé národní sdružení v Americe</subfield>
  </datafield>
  <datafield tag="670" ind1=" " ind2=" ">
    <subfield code="a">Nutnost sebevzdělaní a sebevýchovy, between 1922 and 1929?:</subfield>
    <subfield code="b">front cover (Americká národní sdružení Čechoslováku̐; A.N.S.Č; Am. Nár. Sdružení Čechoslováků)</subfield>
  </datafield>
  <datafield tag="670" ind1=" " ind2=" ">
    <subfield code="a">Encyclopedia of Bohemian and Czech-American Biography, 2016:</subfield>
    <subfield code="b">Volume 1, page 56 (Czechoslovak National Alliance of America (Americká národní sdružení Čechoslováků))</subfield>
  </datafield>
  <datafield tag="670" ind1=" " ind2=" ">
    <subfield code="a">Zápis o sjezdu Československého národního sdružení v Americe (Czechoslovak National Alliance of America) konaném ve dnech 26. a 27. listopadu 1921 v Chicagu, Ill., 1922:</subfield>
    <subfield code="b">page 57 (The name of the Č.N.S. [Československé sdružení v Americe] was changed to Americké národní sdružení Čechoslovaků (American National Alliance of Czechoslovaks] at a meeting [held 27 November 1921 in Chicago])</subfield>
  </datafield>
  <datafield tag="670" ind1=" " ind2=" ">
    <subfield code="a">The Czechoslovak Review, Volume 6, Number 3, 1922:</subfield>
    <subfield code="b">page 76 (American National Alliance of Czechoslovaks; offices are now in Cleveland, O., where they were transferred from Chicago, Ill.)</subfield>
  </datafield>
</record>