
<record>
  <leader>01079cz  a2200253n  4500</leader>
  <controlfield tag="001">10844736</controlfield>
  <controlfield tag="003">DLC</controlfield>
  <controlfield tag="005">20200104073234.0</controlfield>
  <controlfield tag="008">180905n| azannaabn          |b aaa      </controlfield>
  <datafield tag="010" ind1=" " ind2=" ">
    <subfield code="a">n 2018051734</subfield>
    <subfield code="z">n  78097257 </subfield>
  </datafield>
  <datafield tag="035" ind1=" " ind2=" ">
    <subfield code="a">(OCoLC)oca11536903</subfield>
  </datafield>
  <datafield tag="040" ind1=" " ind2=" ">
    <subfield code="a">DLC</subfield>
    <subfield code="b">eng</subfield>
    <subfield code="e">rda</subfield>
    <subfield code="c">DLC</subfield>
    <subfield code="d">HkCU</subfield>
  </datafield>
  <datafield tag="046" ind1=" " ind2=" ">
    <subfield code="f">1938-10-19</subfield>
    <subfield code="2">edtf</subfield>
  </datafield>
  <datafield tag="100" ind1="1" ind2=" ">
    <subfield code="a">Gao, Xianzhi</subfield>
    <subfield code="c">(Publisher)</subfield>
  </datafield>
  <datafield tag="370" ind1=" " ind2=" ">
    <subfield code="a">Taipei (Taiwan)</subfield>
    <subfield code="2">naf</subfield>
  </datafield>
  <datafield tag="377" ind1=" " ind2=" ">
    <subfield code="a">chi</subfield>
  </datafield>
  <datafield tag="400" ind1="1" ind2=" ">
    <subfield code="a">高賢治</subfield>
    <subfield code="c">(Publisher)</subfield>
  </datafield>
  <datafield tag="400" ind1="1" ind2=" ">
    <subfield code="a">張賢治</subfield>
    <subfield code="c">(Publisher)</subfield>
  </datafield>
  <datafield tag="400" ind1="1" ind2=" ">
    <subfield code="a">Zhang, Xianzhi</subfield>
    <subfield code="c">(Publisher)</subfield>
  </datafield>
  <datafield tag="667" ind1=" " ind2=" ">
    <subfield code="a">Formerly on undifferentiated name record: n  78097257</subfield>
  </datafield>
  <datafield tag="667" ind1=" " ind2=" ">
    <subfield code="a">Non-Latin script references not evaluated.</subfield>
  </datafield>
  <datafield tag="670" ind1=" " ind2=" ">
    <subfield code="a">Taiwan san bai nian shi, 1978:</subfield>
    <subfield code="b">t.p. (高賢治 = Gao Xianzhi)</subfield>
  </datafield>
  <datafield tag="670" ind1=" " ind2=" ">
    <subfield code="a">Bei lu Danshui, 2010:</subfield>
    <subfield code="b">colophon (Gao Xianzhi; longtime head of publishing firm Gu ting shu wu; B.A. in business, Danjiang da xue; author of &quot;Taiwan san bai nian shi&quot;)</subfield>
  </datafield>
  <datafield tag="670" ind1=" " ind2=" ">
    <subfield code="a">Gao Xianzhi xian sheng fang tan lu, 2017:</subfield>
    <subfield code="b">t.p. (高賢治 = Gao Xianzhi) p. 13 (b. October 19, 1938 in Taibei Shi; real name: 張賢治 = Zhang Xianzhi)</subfield>
  </datafield>
</record>