
<record>
  <leader>00944cz  a2200181n  4500</leader>
  <controlfield tag="001">10852720</controlfield>
  <controlfield tag="003">DLC</controlfield>
  <controlfield tag="005">20200104073234.0</controlfield>
  <controlfield tag="008">180914n| azannaabn          |n aaa      </controlfield>
  <datafield tag="010" ind1=" " ind2=" ">
    <subfield code="a">n 2018053795</subfield>
  </datafield>
  <datafield tag="035" ind1=" " ind2=" ">
    <subfield code="a">(OCoLC)oca11551413</subfield>
  </datafield>
  <datafield tag="040" ind1=" " ind2=" ">
    <subfield code="a">DLC</subfield>
    <subfield code="b">eng</subfield>
    <subfield code="e">rda</subfield>
    <subfield code="c">DLC</subfield>
    <subfield code="d">RPCL</subfield>
  </datafield>
  <datafield tag="100" ind1="1" ind2=" ">
    <subfield code="a">Rekun, Mikhail S.</subfield>
  </datafield>
  <datafield tag="372" ind1=" " ind2=" ">
    <subfield code="a">Fantasy games</subfield>
    <subfield code="2">lcsh</subfield>
  </datafield>
  <datafield tag="374" ind1=" " ind2=" ">
    <subfield code="a">Authors</subfield>
    <subfield code="2">lcsh</subfield>
  </datafield>
  <datafield tag="670" ind1=" " ind2=" ">
    <subfield code="a">How Russia lost Bulgaria, 1878-1886, 2019:</subfield>
    <subfield code="b">ECIP t.p. (Mikhail S. Rekun) data view (US citizen)</subfield>
  </datafield>
  <datafield tag="670" ind1=" " ind2=" ">
    <subfield code="a">Ferron, Eleanor. Pathfinder player companion, 2018:</subfield>
    <subfield code="b">title page (authors, Thurston Hillman, Mikko Kallio, Jacob W. Michaels, Matt Morris, Daniel Reed, Mikhail Rekun, Mark Seifter, and Jeffrey Swank)</subfield>
  </datafield>
  <datafield tag="670" ind1=" " ind2=" ">
    <subfield code="a">pathfinderwiki, January 3, 2020</subfield>
    <subfield code="b">(Mikhail Rekun is a freelance writer and game designer, and a historian of the late Russian Empire. His published works include several Paizo Inc. sourcebooks and How Russia Lost Bulgaria, 1878-1886: Empire Unguided.)</subfield>
  </datafield>
</record>