
<record>
  <leader>00513cz  a2200157n  4500</leader>
  <controlfield tag="001">10913191</controlfield>
  <controlfield tag="003">DLC</controlfield>
  <controlfield tag="005">20200104073234.0</controlfield>
  <controlfield tag="008">181126n| azannaabn          |n aaa      </controlfield>
  <datafield tag="010" ind1=" " ind2=" ">
    <subfield code="a">n 2018067329</subfield>
  </datafield>
  <datafield tag="035" ind1=" " ind2=" ">
    <subfield code="a">(OCoLC)oca11673592</subfield>
  </datafield>
  <datafield tag="040" ind1=" " ind2=" ">
    <subfield code="a">DLC</subfield>
    <subfield code="b">eng</subfield>
    <subfield code="e">rda</subfield>
    <subfield code="c">DLC</subfield>
    <subfield code="d">DLC</subfield>
    <subfield code="d">MH</subfield>
  </datafield>
  <datafield tag="100" ind1="1" ind2=" ">
    <subfield code="a">D&apos;India, Sigismondo,</subfield>
    <subfield code="d">approximately 1580-1629.</subfield>
    <subfield code="t">Musiche,</subfield>
    <subfield code="n">libro 1o.</subfield>
    <subfield code="k">Selections</subfield>
  </datafield>
  <datafield tag="381" ind1=" " ind2=" ">
    <subfield code="a">Selections</subfield>
  </datafield>
  <datafield tag="667" ind1=" " ind2=" ">
    <subfield code="a">Record reported for deletion in favor of LCCN n 2008010119</subfield>
  </datafield>
  <datafield tag="670" ind1=" " ind2=" ">
    <subfield code="a">Le monde etrange de Sigismondo d&apos;India, 1985?</subfield>
  </datafield>
</record>