
<record>
  <leader>00698cz  a2200193n  4500</leader>
  <controlfield tag="001">10940348</controlfield>
  <controlfield tag="003">DLC</controlfield>
  <controlfield tag="005">20200104073235.0</controlfield>
  <controlfield tag="008">190102n| azannaabn          |n aaa     c</controlfield>
  <datafield tag="010" ind1=" " ind2=" ">
    <subfield code="a">no2019000180</subfield>
  </datafield>
  <datafield tag="035" ind1=" " ind2=" ">
    <subfield code="a">(OCoLC)oca11726991</subfield>
  </datafield>
  <datafield tag="040" ind1=" " ind2=" ">
    <subfield code="a">NjP</subfield>
    <subfield code="b">eng</subfield>
    <subfield code="e">rda</subfield>
    <subfield code="c">NjP</subfield>
    <subfield code="d">OO</subfield>
  </datafield>
  <datafield tag="100" ind1="1" ind2=" ">
    <subfield code="a">Lichtwark, Imke</subfield>
  </datafield>
  <datafield tag="370" ind1=" " ind2=" ">
    <subfield code="a">Leipzig (Germany)</subfield>
    <subfield code="2">naf</subfield>
  </datafield>
  <datafield tag="376" ind1=" " ind2=" ">
    <subfield code="a">Musicians</subfield>
    <subfield code="2">lcsh</subfield>
  </datafield>
  <datafield tag="376" ind1=" " ind2=" ">
    <subfield code="a">Pianists</subfield>
    <subfield code="2">lcsh</subfield>
  </datafield>
  <datafield tag="377" ind1=" " ind2=" ">
    <subfield code="a">ger</subfield>
  </datafield>
  <datafield tag="670" ind1=" " ind2=" ">
    <subfield code="a">Louis Michel Eilshemius, 2018:</subfield>
    <subfield code="b">title page (Imke Lichtwark)</subfield>
  </datafield>
  <datafield tag="670" ind1=" " ind2=" ">
    <subfield code="a">The official Imke Lichtwark website, viewed October 16, 2019</subfield>
    <subfield code="b">(Imke Lichtwark was born in Leipzig and received her first piano lessons at the J.S. Bach music school.)</subfield>
    <subfield code="u">https://www.imkelichtwark.com/vita/</subfield>
  </datafield>
</record>