
<record>
  <leader>00446cz  a2200133n  4500</leader>
  <controlfield tag="001">10971285</controlfield>
  <controlfield tag="003">DLC</controlfield>
  <controlfield tag="005">20200104073235.0</controlfield>
  <controlfield tag="008">190207n| azannaabn          |n aaa      </controlfield>
  <datafield tag="010" ind1=" " ind2=" ">
    <subfield code="a">n 2019006995</subfield>
  </datafield>
  <datafield tag="035" ind1=" " ind2=" ">
    <subfield code="a">(OCoLC)oca11800602</subfield>
  </datafield>
  <datafield tag="040" ind1=" " ind2=" ">
    <subfield code="a">DLC</subfield>
    <subfield code="b">eng</subfield>
    <subfield code="e">rda</subfield>
    <subfield code="c">DLC</subfield>
    <subfield code="d">DNLM</subfield>
  </datafield>
  <datafield tag="100" ind1="1" ind2=" ">
    <subfield code="a">Novick, Steven J.</subfield>
  </datafield>
  <datafield tag="670" ind1=" " ind2=" ">
    <subfield code="a">Bayesian analysis with R for drug development, 2019:</subfield>
    <subfield code="b">ECIP t.p. (Steven Novick) book t.p. (Steven J. Novick, AstraZeneca, Gaithersburg, Maryland)</subfield>
  </datafield>
</record>