
<record>
  <leader>00641cz  a2200205n  4500</leader>
  <controlfield tag="001">10993925</controlfield>
  <controlfield tag="003">DLC</controlfield>
  <controlfield tag="005">20200104073235.0</controlfield>
  <controlfield tag="008">190305n| azannaabn          |a aaa      </controlfield>
  <datafield tag="010" ind1=" " ind2=" ">
    <subfield code="a">no2019033348</subfield>
  </datafield>
  <datafield tag="016" ind1=" " ind2=" ">
    <subfield code="a">1030B1842E</subfield>
  </datafield>
  <datafield tag="035" ind1=" " ind2=" ">
    <subfield code="a">(OCoLC)oca11865049</subfield>
  </datafield>
  <datafield tag="040" ind1=" " ind2=" ">
    <subfield code="a">CaOONL</subfield>
    <subfield code="b">eng</subfield>
    <subfield code="e">rda</subfield>
    <subfield code="c">CaOONL</subfield>
    <subfield code="d">CaOONL</subfield>
  </datafield>
  <datafield tag="042" ind1=" " ind2=" ">
    <subfield code="a">nlc</subfield>
  </datafield>
  <datafield tag="046" ind1=" " ind2=" ">
    <subfield code="k">2019</subfield>
    <subfield code="2">edtf</subfield>
  </datafield>
  <datafield tag="100" ind1="1" ind2=" ">
    <subfield code="a">Boulerice, Simon,</subfield>
    <subfield code="d">1982-</subfield>
    <subfield code="t">Ami lumineux.</subfield>
    <subfield code="l">English</subfield>
  </datafield>
  <datafield tag="336" ind1=" " ind2=" ">
    <subfield code="a">text</subfield>
    <subfield code="b">txt</subfield>
    <subfield code="2">rdacontent</subfield>
  </datafield>
  <datafield tag="377" ind1=" " ind2=" ">
    <subfield code="a">eng</subfield>
  </datafield>
  <datafield tag="400" ind1="1" ind2=" ">
    <subfield code="a">Boulerice, Simon,</subfield>
    <subfield code="d">1982-</subfield>
    <subfield code="t">My bright friend</subfield>
  </datafield>
  <datafield tag="670" ind1=" " ind2=" ">
    <subfield code="a">My bright friend, 2019:</subfield>
    <subfield code="b">CIP title page (Simon Boulerice) LAC CIP application (translation of Un ami lumineux)</subfield>
  </datafield>
</record>