
<record>
  <leader>00861cz  a2200217n  4500</leader>
  <controlfield tag="001">11010561</controlfield>
  <controlfield tag="003">DLC</controlfield>
  <controlfield tag="005">20200104073235.0</controlfield>
  <controlfield tag="008">190322n| azannaabn          |n aaa     c</controlfield>
  <datafield tag="010" ind1=" " ind2=" ">
    <subfield code="a">no2019043684</subfield>
  </datafield>
  <datafield tag="016" ind1=" " ind2=" ">
    <subfield code="a">1027J5160E</subfield>
  </datafield>
  <datafield tag="035" ind1=" " ind2=" ">
    <subfield code="a">(OCoLC)oca11899425</subfield>
  </datafield>
  <datafield tag="040" ind1=" " ind2=" ">
    <subfield code="a">ICrlF</subfield>
    <subfield code="b">eng</subfield>
    <subfield code="e">rda</subfield>
    <subfield code="c">ICrlF</subfield>
    <subfield code="d">CaBViV</subfield>
    <subfield code="d">CaOONL</subfield>
  </datafield>
  <datafield tag="100" ind1="1" ind2=" ">
    <subfield code="a">Sjuberg, Gail</subfield>
  </datafield>
  <datafield tag="372" ind1=" " ind2=" ">
    <subfield code="a">Instructional materials industry</subfield>
    <subfield code="2">lcsh</subfield>
  </datafield>
  <datafield tag="374" ind1=" " ind2=" ">
    <subfield code="a">Authors</subfield>
    <subfield code="2">lcsh</subfield>
  </datafield>
  <datafield tag="377" ind1=" " ind2=" ">
    <subfield code="a">eng</subfield>
  </datafield>
  <datafield tag="670" ind1=" " ind2=" ">
    <subfield code="a">Sjuberg, Gail. Inferences and conclusions, 2019:</subfield>
    <subfield code="b">title page (Gail Sjuberg)</subfield>
  </datafield>
  <datafield tag="670" ind1=" " ind2=" ">
    <subfield code="a">Love of the Salish Sea Islands, 2019:</subfield>
    <subfield code="b">title page verso (page 212 (Gail Sjuberg; editor of Gulf Islands Driftwood newspaper, Aqua magazine, and other publications)</subfield>
  </datafield>
  <datafield tag="670" ind1=" " ind2=" ">
    <subfield code="a">Canadiana database, viewed 17 December 2019</subfield>
    <subfield code="b">(Authorized access point: Sjuberg, Gail; Canadian)</subfield>
  </datafield>
  <datafield tag="700" ind1="1" ind2="6">
    <subfield code="a">Sjuberg, Gail</subfield>
    <subfield code="0">(CaOONL)ncf10650701</subfield>
  </datafield>
</record>