
<record>
  <leader>01042cz  a2200241n  4500</leader>
  <controlfield tag="001">11032674</controlfield>
  <controlfield tag="003">DLC</controlfield>
  <controlfield tag="005">20200104073236.0</controlfield>
  <controlfield tag="008">190417n| azannaabn          |a aaa      </controlfield>
  <datafield tag="010" ind1=" " ind2=" ">
    <subfield code="a">n 2019020757</subfield>
  </datafield>
  <datafield tag="016" ind1=" " ind2=" ">
    <subfield code="a">1020D7453E</subfield>
  </datafield>
  <datafield tag="035" ind1=" " ind2=" ">
    <subfield code="a">(OCoLC)oca11994932</subfield>
  </datafield>
  <datafield tag="040" ind1=" " ind2=" ">
    <subfield code="a">DLC</subfield>
    <subfield code="b">eng</subfield>
    <subfield code="e">rda</subfield>
    <subfield code="c">DLC</subfield>
    <subfield code="d">CaBViV</subfield>
    <subfield code="d">CaOONL</subfield>
  </datafield>
  <datafield tag="046" ind1=" " ind2=" ">
    <subfield code="f">1982-07-17</subfield>
    <subfield code="2">edtf</subfield>
  </datafield>
  <datafield tag="100" ind1="1" ind2=" ">
    <subfield code="a">La Melia, Tiziana</subfield>
  </datafield>
  <datafield tag="370" ind1=" " ind2=" ">
    <subfield code="a">Palermo, Italy</subfield>
    <subfield code="e">Vancouver, British Columbia</subfield>
  </datafield>
  <datafield tag="373" ind1=" " ind2=" ">
    <subfield code="a">University of Guelph</subfield>
  </datafield>
  <datafield tag="374" ind1=" " ind2=" ">
    <subfield code="a">Artist</subfield>
  </datafield>
  <datafield tag="400" ind1="1" ind2=" ">
    <subfield code="a">Melia, Tiziana la</subfield>
  </datafield>
  <datafield tag="670" ind1=" " ind2=" ">
    <subfield code="a">The eyelash and the monochrome, 2018:</subfield>
    <subfield code="b">t.p. (Tiziana La Melia) Wikipedia, April 17, 2019 (Tiziana is an artist and writer who was born in Palermo, Italy and currently resides in Vancouver; she received her MFA at the University of Guelph and her BFA at the Emily Carr Institute of Art and Design, Vancouver)</subfield>
  </datafield>
  <datafield tag="670" ind1=" " ind2=" ">
    <subfield code="a">Canadiana database, viewed 12 December 2019</subfield>
    <subfield code="b">(Authorized access point: La Melia, Tiziana; Canadian; born 07/17/1982).</subfield>
  </datafield>
  <datafield tag="700" ind1="1" ind2="6">
    <subfield code="a">La Melia, Tiziana</subfield>
    <subfield code="0">(CaOONL)ncf10584914</subfield>
  </datafield>
  <datafield tag="953" ind1=" " ind2=" ">
    <subfield code="a">hc11</subfield>
  </datafield>
</record>