
<record>
  <leader>00552cz  a2200169n  4500</leader>
  <controlfield tag="001">11106190</controlfield>
  <controlfield tag="003">DLC</controlfield>
  <controlfield tag="005">20200104073236.0</controlfield>
  <controlfield tag="008">190706n| azannaabn          |n aaa     c</controlfield>
  <datafield tag="010" ind1=" " ind2=" ">
    <subfield code="a">no2019098429</subfield>
  </datafield>
  <datafield tag="035" ind1=" " ind2=" ">
    <subfield code="a">(OCoLC)oca12232010</subfield>
  </datafield>
  <datafield tag="040" ind1=" " ind2=" ">
    <subfield code="a">MdRoLAC</subfield>
    <subfield code="b">eng</subfield>
    <subfield code="e">rda</subfield>
    <subfield code="c">MdRoLAC</subfield>
    <subfield code="d">NcU</subfield>
  </datafield>
  <datafield tag="100" ind1="1" ind2=" ">
    <subfield code="a">Andrews, Gerald B.</subfield>
  </datafield>
  <datafield tag="377" ind1=" " ind2=" ">
    <subfield code="a">eng</subfield>
  </datafield>
  <datafield tag="378" ind1=" " ind2=" ">
    <subfield code="q">Gerald Bruce</subfield>
  </datafield>
  <datafield tag="670" ind1=" " ind2=" ">
    <subfield code="a">Andrews, Gerald B. A mill village story, 2019:</subfield>
    <subfield code="b">eCIP title page (Gerald B. Andrews)</subfield>
  </datafield>
  <datafield tag="670" ind1=" " ind2=" ">
    <subfield code="a">A mill village story, 2019:</subfield>
    <subfield code="b">title page (Gerald B. Andrews) dust jacket (Gerald Bruce Andrews)</subfield>
  </datafield>
</record>