
<record>
  <leader>01945cz  a2200289n  4500</leader>
  <controlfield tag="001">11138689</controlfield>
  <controlfield tag="003">DLC</controlfield>
  <controlfield tag="005">20200104073236.0</controlfield>
  <controlfield tag="008">190811n| azannaabn          |a aaa     c</controlfield>
  <datafield tag="010" ind1=" " ind2=" ">
    <subfield code="a">no2019117280</subfield>
  </datafield>
  <datafield tag="035" ind1=" " ind2=" ">
    <subfield code="a">(OCoLC)oca12342621</subfield>
  </datafield>
  <datafield tag="040" ind1=" " ind2=" ">
    <subfield code="a">MdRoLAC</subfield>
    <subfield code="b">eng</subfield>
    <subfield code="e">rda</subfield>
    <subfield code="c">MdRoLAC</subfield>
    <subfield code="d">MdRoLAC</subfield>
    <subfield code="d">UPB</subfield>
  </datafield>
  <datafield tag="046" ind1=" " ind2=" ">
    <subfield code="f">1970-09-05</subfield>
    <subfield code="2">edtf</subfield>
  </datafield>
  <datafield tag="100" ind1="1" ind2=" ">
    <subfield code="a">Friend, John L.</subfield>
    <subfield code="q">(John Lennard),</subfield>
    <subfield code="d">1970-</subfield>
  </datafield>
  <datafield tag="368" ind1=" " ind2=" ">
    <subfield code="c">New Zealanders</subfield>
    <subfield code="2">lcdgt</subfield>
  </datafield>
  <datafield tag="370" ind1=" " ind2=" ">
    <subfield code="a">Nelson (N.Z.)</subfield>
    <subfield code="f">Austin (Tex.)</subfield>
    <subfield code="f">Knoxville (Tenn.)</subfield>
    <subfield code="2">naf</subfield>
  </datafield>
  <datafield tag="372" ind1=" " ind2=" ">
    <subfield code="a">Greek language</subfield>
    <subfield code="a">Greek literature</subfield>
    <subfield code="a">Latin language</subfield>
    <subfield code="a">Latin literature</subfield>
    <subfield code="2">lcsh</subfield>
  </datafield>
  <datafield tag="373" ind1=" " ind2=" ">
    <subfield code="a">University of Tennessee</subfield>
    <subfield code="2">naf</subfield>
  </datafield>
  <datafield tag="373" ind1=" " ind2=" ">
    <subfield code="a">University of Texas at Austin</subfield>
    <subfield code="2">naf</subfield>
  </datafield>
  <datafield tag="374" ind1=" " ind2=" ">
    <subfield code="a">College teachers</subfield>
    <subfield code="2">lcsh</subfield>
  </datafield>
  <datafield tag="375" ind1=" " ind2=" ">
    <subfield code="a">Males</subfield>
    <subfield code="2">lcdgt</subfield>
  </datafield>
  <datafield tag="377" ind1=" " ind2=" ">
    <subfield code="a">eng</subfield>
  </datafield>
  <datafield tag="378" ind1=" " ind2=" ">
    <subfield code="q">John Lennard</subfield>
  </datafield>
  <datafield tag="510" ind1="2" ind2=" ">
    <subfield code="w">r</subfield>
    <subfield code="i">Employer:</subfield>
    <subfield code="a">University of Tennessee</subfield>
  </datafield>
  <datafield tag="670" ind1=" " ind2=" ">
    <subfield code="a">The Athenian ephebeia in the fourth century BCE, 2019:</subfield>
    <subfield code="b">eCIP title page (by John L. Friend) data view (John L. Friend, Ph.D. (2009), University of Texas, is Assistant Professor of Classics at the University of Tennessee. He has published on the Athenian ephebeia and Greek warfare, most recently in Ancient Documents and Their Contexts (Brill, 2014))</subfield>
  </datafield>
  <datafield tag="670" ind1=" " ind2=" ">
    <subfield code="a">OCLC #155192965, viewed 15 August 2019:</subfield>
    <subfield code="b">(Friend, John Lennard / The fighting manner of javelin-men and other light troops and their effectiveness in Greek warfare from the beginning of the Peloponnesian War to the Second Battle of Mantinea)</subfield>
  </datafield>
  <datafield tag="670" ind1=" " ind2=" ">
    <subfield code="a">OCLC #461079077, viewed 15 August 2019:</subfield>
    <subfield code="b">(Friend, John Lennard, 1970- / The Athenian ephebeia in the Lycurgan period: 334/3-322/1 B.C) vita page (John Lennard Friend; born in Nelson, New Zealand September 5, 1970; went to high school in Christchurch, New Zealand, and then received Bachelor of Science at University of Canterbury in 1992, then BA in Classics in 1999 and M.A. in Classics in 2001 from the same university; entered Ph.D. program at University of Texas at Austin in 2001)</subfield>
  </datafield>
</record>