
<record>
  <leader>00715cz  a2200157n  4500</leader>
  <controlfield tag="001">11145986</controlfield>
  <controlfield tag="003">DLC</controlfield>
  <controlfield tag="005">20200104073237.0</controlfield>
  <controlfield tag="008">190816n| azannaabn          |a aaa     c</controlfield>
  <datafield tag="010" ind1=" " ind2=" ">
    <subfield code="a">no2019120635</subfield>
    <subfield code="z">no2019118579</subfield>
  </datafield>
  <datafield tag="035" ind1=" " ind2=" ">
    <subfield code="a">(OCoLC)oca12349736</subfield>
  </datafield>
  <datafield tag="040" ind1=" " ind2=" ">
    <subfield code="a">IlMpPL</subfield>
    <subfield code="b">eng</subfield>
    <subfield code="e">rda</subfield>
    <subfield code="c">IlMpPL</subfield>
    <subfield code="d">OCoLC</subfield>
    <subfield code="d">DLC</subfield>
    <subfield code="d">IlMpPL</subfield>
  </datafield>
  <datafield tag="100" ind1="1" ind2=" ">
    <subfield code="a">Macho, Adrián.</subfield>
    <subfield code="t">Gerda Příběh velryby</subfield>
  </datafield>
  <datafield tag="400" ind1="1" ind2=" ">
    <subfield code="w">nne</subfield>
    <subfield code="a">Kavecký, Peter.</subfield>
    <subfield code="t">Gerda Příběh velryby</subfield>
  </datafield>
  <datafield tag="430" ind1=" " ind2="0">
    <subfield code="a">Gerda Příběh velryby</subfield>
  </datafield>
  <datafield tag="670" ind1=" " ind2=" ">
    <subfield code="a">Macho, Adrián. The whale, the sea and the stars, 2019:</subfield>
    <subfield code="b">title page (Adrián Macho. Original Czech text by Peter Kavecký) title page verso (First published in the Czech Republic as Gerda Příběh velryby in 2018 by Albatros Media a.s.)</subfield>
  </datafield>
</record>