
<record>
  <leader>01043cz  a2200205n  4500</leader>
  <controlfield tag="001">11153181</controlfield>
  <controlfield tag="003">DLC</controlfield>
  <controlfield tag="005">20200104073237.0</controlfield>
  <controlfield tag="008">190828n| azannaabn          |a ana     c</controlfield>
  <datafield tag="010" ind1=" " ind2=" ">
    <subfield code="a">no2019125978</subfield>
  </datafield>
  <datafield tag="035" ind1=" " ind2=" ">
    <subfield code="a">(OCoLC)oca12387999</subfield>
  </datafield>
  <datafield tag="040" ind1=" " ind2=" ">
    <subfield code="a">DGPO</subfield>
    <subfield code="b">eng</subfield>
    <subfield code="e">rda</subfield>
    <subfield code="c">DGPO</subfield>
    <subfield code="d">DGPO</subfield>
  </datafield>
  <datafield tag="046" ind1=" " ind2=" ">
    <subfield code="s">2005</subfield>
    <subfield code="2">edtf</subfield>
  </datafield>
  <datafield tag="110" ind1="2" ind2=" ">
    <subfield code="a">Outside the Box, LLC</subfield>
  </datafield>
  <datafield tag="370" ind1=" " ind2=" ">
    <subfield code="c">United States</subfield>
    <subfield code="e">Richmond (Va.)</subfield>
    <subfield code="2">naf</subfield>
  </datafield>
  <datafield tag="372" ind1=" " ind2=" ">
    <subfield code="a">Consulting firms</subfield>
    <subfield code="a">Construction projects</subfield>
    <subfield code="a">Business consultants</subfield>
    <subfield code="2">lcsh</subfield>
  </datafield>
  <datafield tag="410" ind1="2" ind2=" ">
    <subfield code="a">OTB (Firm)</subfield>
  </datafield>
  <datafield tag="670" ind1=" " ind2=" ">
    <subfield code="a">Witness to courage: administrative history of Little Rock Central High School National Historic Site Arkansas, 2019</subfield>
    <subfield code="b">t.p. (prepared by Outside the Box, LLC, Richmond, Virginia)</subfield>
  </datafield>
  <datafield tag="670" ind1=" " ind2=" ">
    <subfield code="a">Outside the Box, LLC web site, viewed August 27, 2019:</subfield>
    <subfield code="b">menu: About OTB (founded in 2005, Outside The Box, LLC is a Certified HUBZone and Economically Disadvantaged Woman-Owned Small Business ...)</subfield>
  </datafield>
  <datafield tag="678" ind1=" " ind2=" ">
    <subfield code="a">Outside the Box, LLC provides consulting, construction, and management services to government and private sector clients in the US and abroad.</subfield>
  </datafield>
</record>