
<record>
  <leader>00662cz  a2200181n  4500</leader>
  <controlfield tag="001">11159348</controlfield>
  <controlfield tag="003">DLC</controlfield>
  <controlfield tag="005">20200104184233.0</controlfield>
  <controlfield tag="008">190904n| azannaabn          |n aaa     c</controlfield>
  <datafield tag="010" ind1=" " ind2=" ">
    <subfield code="a">no2019130064</subfield>
  </datafield>
  <datafield tag="035" ind1=" " ind2=" ">
    <subfield code="a">(OCoLC)oca12409405</subfield>
  </datafield>
  <datafield tag="040" ind1=" " ind2=" ">
    <subfield code="a">OkU</subfield>
    <subfield code="b">eng</subfield>
    <subfield code="e">rda</subfield>
    <subfield code="c">OkU</subfield>
    <subfield code="d">OkU</subfield>
    <subfield code="d">DLC</subfield>
  </datafield>
  <datafield tag="046" ind1=" " ind2=" ">
    <subfield code="f">1946-03</subfield>
    <subfield code="2">edtf</subfield>
  </datafield>
  <datafield tag="100" ind1="1" ind2=" ">
    <subfield code="a">Mander, Tony,</subfield>
    <subfield code="d">1946-</subfield>
  </datafield>
  <datafield tag="378" ind1=" " ind2=" ">
    <subfield code="q">Anthony Michael</subfield>
  </datafield>
  <datafield tag="667" ind1=" " ind2=" ">
    <subfield code="a">Formerly on undifferentiated name record: no 99000061</subfield>
  </datafield>
  <datafield tag="670" ind1=" " ind2=" ">
    <subfield code="a">Managing the menopause without oestrogen, ©2004:</subfield>
    <subfield code="b">title page (Tony Mander)</subfield>
  </datafield>
  <datafield tag="670" ind1=" " ind2=" ">
    <subfield code="a">Companies House, Sept. 2, 2019:</subfield>
    <subfield code="b">British Menopause Society (people: Anthony Michael Mander, b. Mar. 1946, consultant obstetrician)</subfield>
  </datafield>
</record>