
<record>
  <leader>00625cz  a2200181n  4500</leader>
  <controlfield tag="001">11169626</controlfield>
  <controlfield tag="003">DLC</controlfield>
  <controlfield tag="005">20200104184848.0</controlfield>
  <controlfield tag="008">190916n| azannaabn          |n aaa     c</controlfield>
  <datafield tag="010" ind1=" " ind2=" ">
    <subfield code="a">no2019136311</subfield>
    <subfield code="z">n  87908310 </subfield>
  </datafield>
  <datafield tag="035" ind1=" " ind2=" ">
    <subfield code="a">(OCoLC)oca12436942</subfield>
  </datafield>
  <datafield tag="040" ind1=" " ind2=" ">
    <subfield code="a">MoSU</subfield>
    <subfield code="b">eng</subfield>
    <subfield code="e">rda</subfield>
    <subfield code="c">MoSU</subfield>
    <subfield code="d">DLC</subfield>
  </datafield>
  <datafield tag="100" ind1="1" ind2=" ">
    <subfield code="a">Becker, Ulrich</subfield>
    <subfield code="c">(Writer on city planning)</subfield>
  </datafield>
  <datafield tag="370" ind1=" " ind2=" ">
    <subfield code="c">Germany</subfield>
    <subfield code="2">naf</subfield>
  </datafield>
  <datafield tag="372" ind1=" " ind2=" ">
    <subfield code="a">City planning</subfield>
    <subfield code="2">lcsh</subfield>
  </datafield>
  <datafield tag="377" ind1=" " ind2=" ">
    <subfield code="a">ger</subfield>
  </datafield>
  <datafield tag="667" ind1=" " ind2=" ">
    <subfield code="a">Formerly on undifferentiated name record: n  87908310</subfield>
  </datafield>
  <datafield tag="670" ind1=" " ind2=" ">
    <subfield code="a">Die Janusgesichter des Booms : Strukturwandel der Stadtregionen New York und Boston, 1989:</subfield>
    <subfield code="b">title page (Ulrich Becker [co-editor])</subfield>
  </datafield>
</record>