
<record>
  <leader>00626cz  a2200157n  4500</leader>
  <controlfield tag="001">11170455</controlfield>
  <controlfield tag="003">DLC</controlfield>
  <controlfield tag="005">20200104123126.0</controlfield>
  <controlfield tag="008">190917n| azannaabn          |a ana     c</controlfield>
  <datafield tag="010" ind1=" " ind2=" ">
    <subfield code="a">no2019136616</subfield>
    <subfield code="z">n  85143163 </subfield>
  </datafield>
  <datafield tag="035" ind1=" " ind2=" ">
    <subfield code="a">(OCoLC)oca12437367</subfield>
  </datafield>
  <datafield tag="040" ind1=" " ind2=" ">
    <subfield code="a">NcD</subfield>
    <subfield code="b">eng</subfield>
    <subfield code="e">rda</subfield>
    <subfield code="c">NcD</subfield>
    <subfield code="d">DLC</subfield>
  </datafield>
  <datafield tag="110" ind1="2" ind2=" ">
    <subfield code="a">Catholic Church.</subfield>
    <subfield code="t">Officium Hebdomadae Sanctae.</subfield>
    <subfield code="l">English</subfield>
  </datafield>
  <datafield tag="377" ind1=" " ind2=" ">
    <subfield code="a">eng</subfield>
  </datafield>
  <datafield tag="410" ind1="2" ind2=" ">
    <subfield code="a">Catholic Church.</subfield>
    <subfield code="t">Office of the holy week according to the Missall and Roman breviary</subfield>
  </datafield>
  <datafield tag="670" ind1=" " ind2=" ">
    <subfield code="a">The office of the holy week according to the Missall and Roman breviary, 1670</subfield>
    <subfield code="b">(Contains parallel Latin and English text of Officium Hebdomadae Sanctae)</subfield>
  </datafield>
</record>