
<record>
  <leader>00848cz  a2200217n  4500</leader>
  <controlfield tag="001">11170964</controlfield>
  <controlfield tag="003">DLC</controlfield>
  <controlfield tag="005">20200104181223.0</controlfield>
  <controlfield tag="008">190917n| azannaabn          |a aaa     c</controlfield>
  <datafield tag="010" ind1=" " ind2=" ">
    <subfield code="a">no2019137261</subfield>
  </datafield>
  <datafield tag="035" ind1=" " ind2=" ">
    <subfield code="a">(OCoLC)oca12441792</subfield>
  </datafield>
  <datafield tag="040" ind1=" " ind2=" ">
    <subfield code="a">OkU</subfield>
    <subfield code="b">eng</subfield>
    <subfield code="e">rda</subfield>
    <subfield code="c">OkU</subfield>
  </datafield>
  <datafield tag="046" ind1=" " ind2=" ">
    <subfield code="f">1886-01-02</subfield>
    <subfield code="g">1964-11-28</subfield>
    <subfield code="2">edtf</subfield>
  </datafield>
  <datafield tag="100" ind1="1" ind2=" ">
    <subfield code="a">Bennewitz, Kurt,</subfield>
    <subfield code="d">1886-1964</subfield>
  </datafield>
  <datafield tag="372" ind1=" " ind2=" ">
    <subfield code="a">Chemistry, Physical and theoretical</subfield>
    <subfield code="2">lcsh</subfield>
  </datafield>
  <datafield tag="374" ind1=" " ind2=" ">
    <subfield code="a">Chemists</subfield>
    <subfield code="2">lcsh</subfield>
  </datafield>
  <datafield tag="378" ind1=" " ind2=" ">
    <subfield code="q">Kurt Gustav David</subfield>
  </datafield>
  <datafield tag="400" ind1="1" ind2=" ">
    <subfield code="a">Bennewitz, K.</subfield>
    <subfield code="q">(Kurt),</subfield>
    <subfield code="d">1886-1964</subfield>
  </datafield>
  <datafield tag="670" ind1=" " ind2=" ">
    <subfield code="a">Flugzeuginstrumente, 1922:</subfield>
    <subfield code="b">title page (Kurt Bennewitz)</subfield>
  </datafield>
  <datafield tag="670" ind1=" " ind2=" ">
    <subfield code="a">Physics of solids, 1947:</subfield>
    <subfield code="b">title page volume 1 (K. Bennewitz) page 179 (Kurt Bennewitz)</subfield>
  </datafield>
  <datafield tag="670" ind1=" " ind2=" ">
    <subfield code="a">de.Wikipedia, Sept. 17, 2019:</subfield>
    <subfield code="b">Kurt Bennewitz (Chemiker) (full name: Kurt Gustav David Bennewitz, b. Jan. 2, 1886; d. Nov. 28, 1964; physical chemist)</subfield>
  </datafield>
</record>