
<record>
  <leader>01192cz  a2200229n  4500</leader>
  <controlfield tag="001">11171705</controlfield>
  <controlfield tag="003">DLC</controlfield>
  <controlfield tag="005">20200104073238.0</controlfield>
  <controlfield tag="008">190918n| azannaabn          |a aaa     c</controlfield>
  <datafield tag="010" ind1=" " ind2=" ">
    <subfield code="a">no2019137334</subfield>
  </datafield>
  <datafield tag="035" ind1=" " ind2=" ">
    <subfield code="a">(OCoLC)oca12441865</subfield>
  </datafield>
  <datafield tag="040" ind1=" " ind2=" ">
    <subfield code="a">NcU</subfield>
    <subfield code="b">eng</subfield>
    <subfield code="e">rda</subfield>
    <subfield code="c">NcU</subfield>
    <subfield code="d">UPB</subfield>
  </datafield>
  <datafield tag="046" ind1=" " ind2=" ">
    <subfield code="f">1989-10-30</subfield>
    <subfield code="2">edtf</subfield>
  </datafield>
  <datafield tag="100" ind1="1" ind2=" ">
    <subfield code="a">Fizzarotti, Luisa</subfield>
  </datafield>
  <datafield tag="368" ind1=" " ind2=" ">
    <subfield code="c">Italians</subfield>
    <subfield code="2">lcdgt</subfield>
  </datafield>
  <datafield tag="370" ind1=" " ind2=" ">
    <subfield code="f">Florence (Italy)</subfield>
    <subfield code="2">naf</subfield>
  </datafield>
  <datafield tag="373" ind1=" " ind2=" ">
    <subfield code="a">Società internazionale per lo studio del Medioevo latino</subfield>
    <subfield code="2">naf</subfield>
  </datafield>
  <datafield tag="375" ind1=" " ind2=" ">
    <subfield code="a">Females</subfield>
    <subfield code="2">lcdgt</subfield>
  </datafield>
  <datafield tag="377" ind1=" " ind2=" ">
    <subfield code="a">eng</subfield>
  </datafield>
  <datafield tag="510" ind1="2" ind2=" ">
    <subfield code="w">r</subfield>
    <subfield code="i">Employer:</subfield>
    <subfield code="a">Società internazionale per lo studio del Medioevo latino</subfield>
  </datafield>
  <datafield tag="670" ind1=" " ind2=" ">
    <subfield code="a">On the track of the books, 2019:</subfield>
    <subfield code="b">title page (edited by Roberta Berardi, Nicoletta Bruno and Luisa Fizzarotti) page 339 (Luisa Fizzarotti is a PhD student at Alma Mater Studiorum, University of Bologna; her main research interests are textual transmission, history of classical scholarship, codicology, ancient historiography and history of ancient political thought)</subfield>
  </datafield>
  <datafield tag="670" ind1=" " ind2=" ">
    <subfield code="a">Luisa Fizzarotti CV, via WWW, 2 January 2020</subfield>
    <subfield code="b">(Luis Fizzarotti; born 30/10/1989; post-doctoral fellow at SISMEL, International Society for the Study of Medieval Latin Culture, Florence)</subfield>
  </datafield>
</record>