
<record>
  <leader>01124cz  a2200205n  4500</leader>
  <controlfield tag="001">11183288</controlfield>
  <controlfield tag="003">DLC</controlfield>
  <controlfield tag="005">20200104185513.0</controlfield>
  <controlfield tag="008">190927n| azannaabn          |n aaa     c</controlfield>
  <datafield tag="010" ind1=" " ind2=" ">
    <subfield code="a">no2019143391</subfield>
  </datafield>
  <datafield tag="035" ind1=" " ind2=" ">
    <subfield code="a">(OCoLC)oca12463222</subfield>
  </datafield>
  <datafield tag="040" ind1=" " ind2=" ">
    <subfield code="a">MoSU</subfield>
    <subfield code="b">eng</subfield>
    <subfield code="e">rda</subfield>
    <subfield code="c">MoSU</subfield>
    <subfield code="d">DLC</subfield>
  </datafield>
  <datafield tag="100" ind1="1" ind2=" ">
    <subfield code="a">Becker, Ulrich</subfield>
    <subfield code="c">(Writer on social psychology)</subfield>
  </datafield>
  <datafield tag="370" ind1=" " ind2=" ">
    <subfield code="c">Germany</subfield>
    <subfield code="2">naf</subfield>
  </datafield>
  <datafield tag="372" ind1=" " ind2=" ">
    <subfield code="a">Social psychology</subfield>
    <subfield code="2">lcsh</subfield>
  </datafield>
  <datafield tag="373" ind1=" " ind2=" ">
    <subfield code="a">Sozialwissenschaftliches Institut Nowak und Sörgel</subfield>
    <subfield code="2">naf</subfield>
  </datafield>
  <datafield tag="377" ind1=" " ind2=" ">
    <subfield code="a">ger</subfield>
  </datafield>
  <datafield tag="670" ind1=" " ind2=" ">
    <subfield code="a">Das Individuum und der Insasse : regressive Entwicklungen in Industriegesellschaften, 1984:</subfield>
    <subfield code="b">title page (Ulrich Becker [writes on the social psychology of complex industrial societies])</subfield>
  </datafield>
  <datafield tag="670" ind1=" " ind2=" ">
    <subfield code="a">The everyday-life-approach as a new research perspective in opinion and marketing research, 1982:</subfield>
    <subfield code="b">title page (Ulrich Becker, Horst Nowak)</subfield>
  </datafield>
  <datafield tag="670" ind1=" " ind2=" ">
    <subfield code="a">Krausse, Ursula. Kommunikative Strategien zur Vermarktung von Health Food Trends, 2006:</subfield>
    <subfield code="b">page 35 (Ulrich Becker and Horst Nowak conducted studies on approaches to every-day life on behalf of the Sinus-Institut (i.e. the Sozialwissenschaftliches Institut Nowak und Sörgel))</subfield>
  </datafield>
</record>