
<record>
  <leader>01478cz  a2200193n  4500</leader>
  <controlfield tag="001">11213155</controlfield>
  <controlfield tag="003">DLC</controlfield>
  <controlfield tag="005">20200104073238.0</controlfield>
  <controlfield tag="008">191105n| azannaabn          |a aaa      </controlfield>
  <datafield tag="010" ind1=" " ind2=" ">
    <subfield code="a">n 2019066458</subfield>
  </datafield>
  <datafield tag="035" ind1=" " ind2=" ">
    <subfield code="a">(OCoLC)oca12556173</subfield>
  </datafield>
  <datafield tag="040" ind1=" " ind2=" ">
    <subfield code="a">DLC</subfield>
    <subfield code="b">eng</subfield>
    <subfield code="e">rda</subfield>
    <subfield code="c">DLC</subfield>
    <subfield code="d">UkOxU</subfield>
  </datafield>
  <datafield tag="100" ind1="1" ind2=" ">
    <subfield code="a">Baker, George,</subfield>
    <subfield code="d">approximately 1773-1847</subfield>
  </datafield>
  <datafield tag="400" ind1="1" ind2=" ">
    <subfield code="a">Baker, G,</subfield>
    <subfield code="d">approximately 1773-1847</subfield>
  </datafield>
  <datafield tag="400" ind1="1" ind2=" ">
    <subfield code="a">Baker, G,</subfield>
    <subfield code="d">approximately 1768-1847</subfield>
  </datafield>
  <datafield tag="667" ind1=" " ind2=" ">
    <subfield code="a">Duplicate record; deletion requested in favour of nb2012025514</subfield>
  </datafield>
  <datafield tag="670" ind1=" " ind2=" ">
    <subfield code="a">The storm at sea, approximately 1800?:</subfield>
    <subfield code="b">t.p. (G Baker)</subfield>
  </datafield>
  <datafield tag="670" ind1=" " ind2=" ">
    <subfield code="a">Composers-classical-music, www site viewed Nov. 5, 2019</subfield>
    <subfield code="b">(Baker, George,1773-19 Feb.1847 England, Exeter-Staffordshire, Rugeley; violinist, organist, studied with Hugh Bond and William Jackson in Exeter ... 5.mar. 1795 he was placed under restriction as to the use of the organ and 16. jul.1795 in the future prohibited from playing &quot;The Storm&quot;, 19 .may. 1800 he resignated from the post, 1797 stating his age as 24 he matriculated and the same year took the degree MusBac at Oxford, 1810 organist of all Saints in Derby, 1824 in Rugeley.</subfield>
  </datafield>
  <datafield tag="670" ind1=" " ind2=" ">
    <subfield code="a">RISM online, veiwed Nov. 5, 2019</subfield>
    <subfield code="b">(Baker, George  (1768-1847)  Nationality: United Kingdom.  Place: Stafford, Rugeley, Derby, Exeter.  Profession: Violinist, Composer, Organist. Lexica: Brown-StrattonBMB: Baker, George [1773c-1847]  DEUMM/b suppl.: Baker, George [1768-1847]. EitnerQ: Baker, George [1768c-1847] Grove, 5: Baker, George [1768-1847]</subfield>
  </datafield>
</record>