
<record>
  <leader>01745cz  a2200265n  4500</leader>
  <controlfield tag="001">11215324</controlfield>
  <controlfield tag="003">DLC</controlfield>
  <controlfield tag="005">20200104073238.0</controlfield>
  <controlfield tag="008">191106n| azannaabn          |n aaa      </controlfield>
  <datafield tag="010" ind1=" " ind2=" ">
    <subfield code="a">nb2019021268</subfield>
  </datafield>
  <datafield tag="035" ind1=" " ind2=" ">
    <subfield code="a">(Uk)010669453</subfield>
  </datafield>
  <datafield tag="035" ind1=" " ind2=" ">
    <subfield code="a">(OCoLC)oca12562596</subfield>
  </datafield>
  <datafield tag="040" ind1=" " ind2=" ">
    <subfield code="a">Uk</subfield>
    <subfield code="b">eng</subfield>
    <subfield code="e">rda</subfield>
    <subfield code="c">Uk</subfield>
    <subfield code="d">Uk</subfield>
    <subfield code="d">UkOxU</subfield>
  </datafield>
  <datafield tag="046" ind1=" " ind2=" ">
    <subfield code="f">1943-09-11</subfield>
    <subfield code="2">edtf</subfield>
  </datafield>
  <datafield tag="100" ind1="1" ind2=" ">
    <subfield code="a">Taylor, Jeremy,</subfield>
    <subfield code="d">1943 September 11-</subfield>
  </datafield>
  <datafield tag="370" ind1=" " ind2=" ">
    <subfield code="c">England</subfield>
    <subfield code="c">Trinidad and Tobago</subfield>
    <subfield code="2">naf</subfield>
  </datafield>
  <datafield tag="372" ind1=" " ind2=" ">
    <subfield code="a">Journalism</subfield>
    <subfield code="2">lcsh</subfield>
  </datafield>
  <datafield tag="374" ind1=" " ind2=" ">
    <subfield code="a">Journalists</subfield>
    <subfield code="a">Publishers and publishing</subfield>
    <subfield code="2">lcsh</subfield>
  </datafield>
  <datafield tag="375" ind1=" " ind2=" ">
    <subfield code="a">Males</subfield>
    <subfield code="2">lcsh</subfield>
  </datafield>
  <datafield tag="377" ind1=" " ind2=" ">
    <subfield code="a">eng</subfield>
  </datafield>
  <datafield tag="378" ind1=" " ind2=" ">
    <subfield code="q">Jeremy Charles Sheldon</subfield>
  </datafield>
  <datafield tag="667" ind1=" " ind2=" ">
    <subfield code="a">Formerly on undifferentiated name record n  86826786</subfield>
  </datafield>
  <datafield tag="670" ind1=" " ind2=" ">
    <subfield code="a">Masquerade : the visitor&apos;s introduction to Trinidad and Tobago, 1986:</subfield>
    <subfield code="b">title page (Jeremy Taylor) page 4 of cover (editor of B.W.I.A. sunjet; editor of Caribbean handbook; writes for AVM television in Port of Spain)</subfield>
  </datafield>
  <datafield tag="670" ind1=" " ind2=" ">
    <subfield code="a">British Library letter from author, pre-20 Oct. 1988</subfield>
    <subfield code="b">(Jeremy Charles Sheldon Taylor, born 11 September 1943)</subfield>
  </datafield>
  <datafield tag="670" ind1=" " ind2=" ">
    <subfield code="a">Wikipedia, viewed November 6, 2019</subfield>
    <subfield code="b">(Jeremy Taylor is a writer, editor and publisher who was born in England and has lived and worked in Trinidad and Tobago in the Caribbean since 1971. For several years, he was a regular Caribbean correspondent for the BBC and The Times (London), a radio commentator at Radio Trinidad and Radio 95.1FM in Trinidad, a writer and presenter at the now defunct AVM Television and Trinidad &amp; Tobago Television, and a regular columnist for the Trinidad and Tobago Express, Trinidad Guardian, Catholic News, and Nealco News. In 1991, he co-founded Media and Editorial Projects Limited (MEP) and in 1994 started its book imprint Prospect Press, serving as managing director.)</subfield>
  </datafield>
</record>