
<record>
  <leader>01441cz  a2200301n  4500</leader>
  <controlfield tag="001">11220341</controlfield>
  <controlfield tag="003">DLC</controlfield>
  <controlfield tag="005">20200104073239.0</controlfield>
  <controlfield tag="008">191112n| azannaabn          |a aaa     c</controlfield>
  <datafield tag="010" ind1=" " ind2=" ">
    <subfield code="a">no2019167613</subfield>
  </datafield>
  <datafield tag="035" ind1=" " ind2=" ">
    <subfield code="a">(OCoLC)oca12566154</subfield>
  </datafield>
  <datafield tag="040" ind1=" " ind2=" ">
    <subfield code="a">OU</subfield>
    <subfield code="b">eng</subfield>
    <subfield code="e">rda</subfield>
    <subfield code="c">OU</subfield>
    <subfield code="d">UkOxU</subfield>
  </datafield>
  <datafield tag="046" ind1=" " ind2=" ">
    <subfield code="f">1908-11-29</subfield>
    <subfield code="g">1992-06-27</subfield>
    <subfield code="2">edtf</subfield>
  </datafield>
  <datafield tag="100" ind1="1" ind2=" ">
    <subfield code="a">McKenzie, Donald A.</subfield>
    <subfield code="q">(Donald Alexander),</subfield>
    <subfield code="d">1908-1992</subfield>
  </datafield>
  <datafield tag="370" ind1=" " ind2=" ">
    <subfield code="a">Wyoming (N.Y.)</subfield>
    <subfield code="c">United States</subfield>
    <subfield code="f">Albuquerque (N.M.)</subfield>
    <subfield code="2">naf</subfield>
  </datafield>
  <datafield tag="370" ind1=" " ind2=" ">
    <subfield code="b">Johnsonburg (N.Y.)</subfield>
  </datafield>
  <datafield tag="372" ind1=" " ind2=" ">
    <subfield code="a">Otfrid, von Weissenburg, active 9th century</subfield>
    <subfield code="2">naf</subfield>
  </datafield>
  <datafield tag="373" ind1=" " ind2=" ">
    <subfield code="a">University of New Mexico</subfield>
    <subfield code="2">naf</subfield>
  </datafield>
  <datafield tag="374" ind1=" " ind2=" ">
    <subfield code="a">German teachers</subfield>
    <subfield code="a">College teachers</subfield>
    <subfield code="a">Authors</subfield>
    <subfield code="2">lcsh</subfield>
  </datafield>
  <datafield tag="375" ind1=" " ind2=" ">
    <subfield code="a">Males</subfield>
    <subfield code="2">lcdgt</subfield>
  </datafield>
  <datafield tag="377" ind1=" " ind2=" ">
    <subfield code="a">eng</subfield>
  </datafield>
  <datafield tag="378" ind1=" " ind2=" ">
    <subfield code="q">Donald Alexander</subfield>
  </datafield>
  <datafield tag="400" ind1="1" ind2=" ">
    <subfield code="a">McKenzie, Donald Alexander,</subfield>
    <subfield code="d">1908-1992</subfield>
  </datafield>
  <datafield tag="667" ind1=" " ind2=" ">
    <subfield code="a">Otfrid von Weissenburg formerly cited incorrectly on name record n  79063105</subfield>
  </datafield>
  <datafield tag="670" ind1=" " ind2=" ">
    <subfield code="a">Otfrid von Weissenburg : narrator or commentator?, 1967:</subfield>
    <subfield code="b">t.p. (Donald A. McKenzie, Ph.D.)</subfield>
  </datafield>
  <datafield tag="670" ind1=" " ind2=" ">
    <subfield code="a">OCLC, Aug. 14, 2008</subfield>
    <subfield code="b">(hdg.: McKenzie, Donald A. (Donald Alexander), 1908-; McKenzie Donald A.; McKenzie, Donald Alexander; usage: Donald A. McKenzie)</subfield>
  </datafield>
  <datafield tag="670" ind1=" " ind2=" ">
    <subfield code="a">PMLA, 1947:</subfield>
    <subfield code="b">page 1371 (McKenzie, Donald Alexander, Assoc. Prof. German, Univ. of Mexico [sic], Albuquerque, N.M.)</subfield>
  </datafield>
  <datafield tag="670" ind1=" " ind2=" ">
    <subfield code="a">myheritage.com, viewed November 6, 2019</subfield>
    <subfield code="b">(Donald Alexander McKenzie; born November 29, 1908, Wyoming, N.Y., died June 27, 1992, Johnsonburg, N.Y.)</subfield>
  </datafield>
</record>