
<record>
  <leader>01546cz  a2200277n  4500</leader>
  <controlfield tag="001">11223334</controlfield>
  <controlfield tag="003">DLC</controlfield>
  <controlfield tag="005">20200104073239.0</controlfield>
  <controlfield tag="008">191116n| azannaabn          |n aaa     c</controlfield>
  <datafield tag="010" ind1=" " ind2=" ">
    <subfield code="a">no2019170307</subfield>
  </datafield>
  <datafield tag="035" ind1=" " ind2=" ">
    <subfield code="a">(OCoLC)oca12568848</subfield>
  </datafield>
  <datafield tag="040" ind1=" " ind2=" ">
    <subfield code="a">UPB-Mu</subfield>
    <subfield code="b">eng</subfield>
    <subfield code="e">rda</subfield>
    <subfield code="c">UPB-Mu</subfield>
    <subfield code="d">UPB-Mu</subfield>
  </datafield>
  <datafield tag="046" ind1=" " ind2=" ">
    <subfield code="f">1965-09-14</subfield>
    <subfield code="2">edtf</subfield>
  </datafield>
  <datafield tag="100" ind1="1" ind2=" ">
    <subfield code="a">O&apos;Hare, Kevin,</subfield>
    <subfield code="d">1965-</subfield>
  </datafield>
  <datafield tag="370" ind1=" " ind2=" ">
    <subfield code="a">Hull (England)</subfield>
    <subfield code="e">London (England)</subfield>
    <subfield code="2">naf</subfield>
  </datafield>
  <datafield tag="372" ind1=" " ind2=" ">
    <subfield code="a">Ballet</subfield>
    <subfield code="a">Ballet companies</subfield>
    <subfield code="2">lcsh</subfield>
  </datafield>
  <datafield tag="373" ind1=" " ind2=" ">
    <subfield code="a">Sadler&apos;s Wells Royal Ballet</subfield>
    <subfield code="2">naf</subfield>
  </datafield>
  <datafield tag="373" ind1=" " ind2=" ">
    <subfield code="a">Birmingham Royal Ballet</subfield>
    <subfield code="2">naf</subfield>
  </datafield>
  <datafield tag="373" ind1=" " ind2=" ">
    <subfield code="a">Royal Ballet</subfield>
    <subfield code="2">naf</subfield>
  </datafield>
  <datafield tag="374" ind1=" " ind2=" ">
    <subfield code="a">Ballet dancers</subfield>
    <subfield code="2">lcsh</subfield>
  </datafield>
  <datafield tag="374" ind1=" " ind2=" ">
    <subfield code="a">Ballet company directors</subfield>
  </datafield>
  <datafield tag="667" ind1=" " ind2=" ">
    <subfield code="a">Formerly on undifferentiated name record [n  97847261]</subfield>
  </datafield>
  <datafield tag="667" ind1=" " ind2=" ">
    <subfield code="a">Data contributed by the Dance Heritage Coalition for the New York Public Library Dance Collection.</subfield>
  </datafield>
  <datafield tag="670" ind1=" " ind2=" ">
    <subfield code="a">*MGZA 89-2132  Ballet in London yearbook. &apos;89/&apos;90.</subfield>
  </datafield>
  <datafield tag="670" ind1=" " ind2=" ">
    <subfield code="a">The Enrico Cecchetti diploma, 2019:</subfield>
    <subfield code="b">DVD menu (Extra features: Directors David Bintley and Kevin O&apos;Hare in conversation) booklet, page 14 (Kevin O&apos;Hare, director of the Royal Ballet since 2012; born in Yorkshire; ballet dancer, trained at Royal Ballet School in London; danced with Sadler&apos;s Wells Royal Ballet, which became Birmingham Royal Ballet in 1990, the same year he was promoted to principal dancer; retired from dancing in 2000)</subfield>
  </datafield>
  <datafield tag="670" ind1=" " ind2=" ">
    <subfield code="a">en.wikipedia.org, 16 November 2019</subfield>
    <subfield code="b">(Kevin O&apos;Hare, born 14 September 1965, British retired ballet dancer and current director of The Royal Ballet, since 2012; born in Kingston upon Hull)</subfield>
  </datafield>
</record>