
<record>
  <leader>01331cz  a2200265n  4500</leader>
  <controlfield tag="001">11226397</controlfield>
  <controlfield tag="003">DLC</controlfield>
  <controlfield tag="005">20200104060008.0</controlfield>
  <controlfield tag="008">190729|| anannbabn          |a ana     c</controlfield>
  <datafield tag="010" ind1=" " ind2=" ">
    <subfield code="a">sh2019102373</subfield>
  </datafield>
  <datafield tag="035" ind1=" " ind2=" ">
    <subfield code="a">sh2019102373</subfield>
  </datafield>
  <datafield tag="040" ind1=" " ind2=" ">
    <subfield code="a">WaU</subfield>
    <subfield code="b">eng</subfield>
    <subfield code="c">DLC</subfield>
  </datafield>
  <datafield tag="151" ind1=" " ind2=" ">
    <subfield code="a">Johnston Atoll National Wildlife Refuge (Johnston Atoll)</subfield>
  </datafield>
  <datafield tag="550" ind1=" " ind2=" ">
    <subfield code="w">g</subfield>
    <subfield code="a">National parks and reserves</subfield>
    <subfield code="z">Johnston Atoll</subfield>
  </datafield>
  <datafield tag="550" ind1=" " ind2=" ">
    <subfield code="w">g</subfield>
    <subfield code="a">Wildlife refuges</subfield>
    <subfield code="z">Johnston Atoll</subfield>
  </datafield>
  <datafield tag="551" ind1=" " ind2=" ">
    <subfield code="a">Johnston Atoll</subfield>
  </datafield>
  <datafield tag="670" ind1=" " ind2=" ">
    <subfield code="a">Work cat.: Johnston Atoll National Wildlife Refuge, 1995.</subfield>
  </datafield>
  <datafield tag="670" ind1=" " ind2=" ">
    <subfield code="a">GNIS, July 28, 2019</subfield>
    <subfield code="b">(Johnston Atoll National Wildlife Refuge, park, 16.7442736° -169.5064371°, 16°44ʹ39ʺN 169°30ʹ23ʺW; administered federal)</subfield>
  </datafield>
  <datafield tag="670" ind1=" " ind2=" ">
    <subfield code="a">U.S. Fish and Wildlife Service website, July 28, 2019</subfield>
    <subfield code="b">(Johnston Atoll National Wildlife Refuge, US Minor Outlying Islands; a unit of the National Wildlife Refuge System; part of Pacific Remote Islands Marine National Monument)</subfield>
    <subfield code="u">https://www.fws.gov/refuge/johnston_atoll/</subfield>
  </datafield>
  <datafield tag="781" ind1=" " ind2="0">
    <subfield code="z">Johnston Atoll</subfield>
    <subfield code="z">Johnston Atoll National Wildlife Refuge</subfield>
  </datafield>
  <datafield tag="910" ind1=" " ind2=" ">
    <subfield code="a">Record saved by tc15 on 01/03/2020 at 09:36:57</subfield>
  </datafield>
  <datafield tag="910" ind1=" " ind2=" ">
    <subfield code="a">Proposal saved by tc03 on 10/23/2019 at 14:54:01</subfield>
  </datafield>
  <datafield tag="952" ind1=" " ind2=" ">
    <subfield code="a">LC pattern: Baker Island National Wildlife Refuge (Baker Island)</subfield>
  </datafield>
  <datafield tag="952" ind1=" " ind2=" ">
    <subfield code="a">Bib. records to be changed: 1</subfield>
  </datafield>
  <datafield tag="906" ind1=" " ind2=" ">
    <subfield code="t">1910</subfield>
    <subfield code="v">0</subfield>
  </datafield>
</record>