
<record>
  <leader>00948cz  a2200193n  4500</leader>
  <controlfield tag="001">11237135</controlfield>
  <controlfield tag="003">DLC</controlfield>
  <controlfield tag="005">20200104073239.0</controlfield>
  <controlfield tag="008">191203n| azannaabn          |n aaa     c</controlfield>
  <datafield tag="010" ind1=" " ind2=" ">
    <subfield code="a">no2019179092</subfield>
  </datafield>
  <datafield tag="035" ind1=" " ind2=" ">
    <subfield code="a">(OCoLC)oca12610223</subfield>
  </datafield>
  <datafield tag="040" ind1=" " ind2=" ">
    <subfield code="a">MoU</subfield>
    <subfield code="b">eng</subfield>
    <subfield code="e">rda</subfield>
    <subfield code="c">MoU</subfield>
    <subfield code="d">MoU</subfield>
  </datafield>
  <datafield tag="046" ind1=" " ind2=" ">
    <subfield code="f">1979-06-23</subfield>
    <subfield code="2">edtf</subfield>
  </datafield>
  <datafield tag="100" ind1="1" ind2=" ">
    <subfield code="a">Ziolko, Scott</subfield>
    <subfield code="c">(Comic book artist)</subfield>
  </datafield>
  <datafield tag="370" ind1=" " ind2=" ">
    <subfield code="f">Columbia (Mo.)</subfield>
    <subfield code="2">naf</subfield>
  </datafield>
  <datafield tag="372" ind1=" " ind2=" ">
    <subfield code="a">Comic books, strips, etc.--Authorship</subfield>
    <subfield code="2">lcsh</subfield>
  </datafield>
  <datafield tag="670" ind1=" " ind2=" ">
    <subfield code="a">Ziolko, Scott (Comic book artist). Test-tube, April 2004:</subfield>
    <subfield code="b">caption (by Scott Ziolko)</subfield>
  </datafield>
  <datafield tag="670" ind1=" " ind2=" ">
    <subfield code="a">Columbia Missourian, dated July 5, 2008, viewed online December 3, 2019</subfield>
    <subfield code="b">(Scott Ziolko, of Columbia, releasing third comic book in a four-part miniseries)</subfield>
  </datafield>
  <datafield tag="670" ind1=" " ind2=" ">
    <subfield code="a">Scott Ziolko&apos;s personal website, archived version (crawled April 2005), viewed January 3, 2020</subfield>
    <subfield code="b">(born June 23, 1979; currently resides in Columbia, MO)</subfield>
    <subfield code="u">https://web.archive.org/web/20050404081921/http://testtubecomics.com/bio.html</subfield>
  </datafield>
</record>