
<record>
  <leader>00968cz  a2200193n  4500</leader>
  <controlfield tag="001">11240794</controlfield>
  <controlfield tag="003">DLC</controlfield>
  <controlfield tag="005">20200104073239.0</controlfield>
  <controlfield tag="008">191206n| azannaabn          |n aaa     c</controlfield>
  <datafield tag="010" ind1=" " ind2=" ">
    <subfield code="a">no2019181246</subfield>
  </datafield>
  <datafield tag="035" ind1=" " ind2=" ">
    <subfield code="a">(OCoLC)oca12618727</subfield>
  </datafield>
  <datafield tag="040" ind1=" " ind2=" ">
    <subfield code="a">NcU</subfield>
    <subfield code="b">eng</subfield>
    <subfield code="e">rda</subfield>
    <subfield code="c">NcU</subfield>
    <subfield code="d">UPB</subfield>
  </datafield>
  <datafield tag="046" ind1=" " ind2=" ">
    <subfield code="f">1987</subfield>
    <subfield code="2">edtf</subfield>
  </datafield>
  <datafield tag="053" ind1=" " ind2="4">
    <subfield code="a">PQ8220.423.A36</subfield>
    <subfield code="5">UPB</subfield>
  </datafield>
  <datafield tag="100" ind1="1" ind2=" ">
    <subfield code="a">Maenza, Diego,</subfield>
    <subfield code="d">1987-</subfield>
  </datafield>
  <datafield tag="370" ind1=" " ind2=" ">
    <subfield code="a">Ecuador</subfield>
    <subfield code="c">Ecuador</subfield>
    <subfield code="2">naf</subfield>
  </datafield>
  <datafield tag="374" ind1=" " ind2=" ">
    <subfield code="a">Authors</subfield>
    <subfield code="2">lcsh</subfield>
  </datafield>
  <datafield tag="377" ind1=" " ind2=" ">
    <subfield code="a">spa</subfield>
  </datafield>
  <datafield tag="670" ind1=" " ind2=" ">
    <subfield code="a">Maenza, Diego. Estructura de la plegaria, 2018:</subfield>
    <subfield code="b">title page (Diego Maenza) front cover flap (b. 1987, Ecuador; writer; has published a short story book Teoría de la inspiración, the first volume of Trilogía del arte, and the poetry book Bestiario americano; author of Caricreaturas, a blend of story and poetry, which was a finalist in the Convocatoria de Fondos Concursables 2017-2018 by the Ministry of Culture, Ecuador; since 2017 he has headed the Latin American digital literary journal Libro de arena0</subfield>
  </datafield>
</record>