
<record>
  <leader>00748cz  a2200205n  4500</leader>
  <controlfield tag="001">11243343</controlfield>
  <controlfield tag="003">DLC</controlfield>
  <controlfield tag="005">20200104073239.0</controlfield>
  <controlfield tag="008">191210n| azannaabn          |n aaa     c</controlfield>
  <datafield tag="010" ind1=" " ind2=" ">
    <subfield code="a">no2019182824</subfield>
  </datafield>
  <datafield tag="016" ind1=" " ind2=" ">
    <subfield code="a">1005J1866E</subfield>
  </datafield>
  <datafield tag="035" ind1=" " ind2=" ">
    <subfield code="a">(OCoLC)oca12626435</subfield>
  </datafield>
  <datafield tag="040" ind1=" " ind2=" ">
    <subfield code="a">CaBViV</subfield>
    <subfield code="b">eng</subfield>
    <subfield code="e">rda</subfield>
    <subfield code="c">CaBViV</subfield>
    <subfield code="d">CaOONL</subfield>
  </datafield>
  <datafield tag="046" ind1=" " ind2=" ">
    <subfield code="f">1950</subfield>
    <subfield code="2">edtf</subfield>
  </datafield>
  <datafield tag="100" ind1="1" ind2=" ">
    <subfield code="a">Guthrie, James</subfield>
    <subfield code="q">(James Archibald),</subfield>
    <subfield code="d">1950-</subfield>
  </datafield>
  <datafield tag="370" ind1=" " ind2=" ">
    <subfield code="c">Canada</subfield>
    <subfield code="2">naf</subfield>
  </datafield>
  <datafield tag="378" ind1=" " ind2=" ">
    <subfield code="q">James Archibald</subfield>
  </datafield>
  <datafield tag="670" ind1=" " ind2=" ">
    <subfield code="a">The pinnacle of Northwest splendor at Long Beach, ©1998:</subfield>
    <subfield code="b">Cover (by James Guthrie)</subfield>
  </datafield>
  <datafield tag="670" ind1=" " ind2=" ">
    <subfield code="a">Canadiana database, viewed 10 December 2019</subfield>
    <subfield code="b">(Authorized access point: Guthrie, James (James Archibald), 1950- ; Canadian)</subfield>
  </datafield>
  <datafield tag="700" ind1="1" ind2="6">
    <subfield code="a">Guthrie, James</subfield>
    <subfield code="q">(James Archibald),</subfield>
    <subfield code="d">1950-</subfield>
    <subfield code="0">(CaOONL)ncf10433593</subfield>
  </datafield>
</record>