
<record>
  <leader>00860cz  a2200205n  4500</leader>
  <controlfield tag="001">11244796</controlfield>
  <controlfield tag="003">DLC</controlfield>
  <controlfield tag="005">20200104073239.0</controlfield>
  <controlfield tag="008">191211n| azannaabn          |a aaa     c</controlfield>
  <datafield tag="010" ind1=" " ind2=" ">
    <subfield code="a">no2019183678</subfield>
  </datafield>
  <datafield tag="016" ind1=" " ind2=" ">
    <subfield code="a">1005C7983E</subfield>
  </datafield>
  <datafield tag="035" ind1=" " ind2=" ">
    <subfield code="a">(OCoLC)oca12629519</subfield>
  </datafield>
  <datafield tag="040" ind1=" " ind2=" ">
    <subfield code="a">CaBViV</subfield>
    <subfield code="b">eng</subfield>
    <subfield code="e">rda</subfield>
    <subfield code="c">CaBViV</subfield>
    <subfield code="d">CaOONL</subfield>
  </datafield>
  <datafield tag="046" ind1=" " ind2=" ">
    <subfield code="f">1967-07-28</subfield>
    <subfield code="2">edtf</subfield>
  </datafield>
  <datafield tag="100" ind1="1" ind2=" ">
    <subfield code="a">Hunter, Troy,</subfield>
    <subfield code="d">1967-</subfield>
  </datafield>
  <datafield tag="370" ind1=" " ind2=" ">
    <subfield code="c">Canada</subfield>
    <subfield code="2">naf</subfield>
  </datafield>
  <datafield tag="400" ind1="1" ind2=" ">
    <subfield code="a">Hunter, Troy Donovan,</subfield>
    <subfield code="d">1967-</subfield>
  </datafield>
  <datafield tag="670" ind1=" " ind2=" ">
    <subfield code="a">We get our living like milk from the land, 1993:</subfield>
    <subfield code="b">Preliminaries (Book design/typesetting: Troy D. Hunter)</subfield>
  </datafield>
  <datafield tag="670" ind1=" " ind2=" ">
    <subfield code="a">Canadiana database, viewed 11 December 2019</subfield>
    <subfield code="b">(Authorized access point: Hunter, Troy, 1967- ; variant access point: Hunter, Troy Donovan, 1967- ; born July 28, 1967; Canadian; CIP info: Not so long ago, Ktunaxa/Kinbasket Tribal Council)</subfield>
  </datafield>
  <datafield tag="700" ind1="1" ind2="6">
    <subfield code="a">Hunter, Troy,</subfield>
    <subfield code="d">1967-</subfield>
    <subfield code="0">(CaOONL)ncf10439536</subfield>
  </datafield>
</record>