
<record>
  <leader>00700cz  a2200205n  4500</leader>
  <controlfield tag="001">11245850</controlfield>
  <controlfield tag="003">DLC</controlfield>
  <controlfield tag="005">20200104073239.0</controlfield>
  <controlfield tag="008">191212n| azannaabn          |a ana     c</controlfield>
  <datafield tag="010" ind1=" " ind2=" ">
    <subfield code="a">no2019184221</subfield>
  </datafield>
  <datafield tag="035" ind1=" " ind2=" ">
    <subfield code="a">(OCoLC)oca12630062</subfield>
  </datafield>
  <datafield tag="040" ind1=" " ind2=" ">
    <subfield code="a">NjP</subfield>
    <subfield code="b">eng</subfield>
    <subfield code="e">rda</subfield>
    <subfield code="c">NjP</subfield>
    <subfield code="d">IAhCCS</subfield>
  </datafield>
  <datafield tag="110" ind1="2" ind2=" ">
    <subfield code="a">Ethan Iverson Quartet</subfield>
  </datafield>
  <datafield tag="368" ind1=" " ind2=" ">
    <subfield code="a">Musical groups</subfield>
    <subfield code="2">lcsh</subfield>
  </datafield>
  <datafield tag="410" ind1="2" ind2=" ">
    <subfield code="a">Iverson Quartet</subfield>
  </datafield>
  <datafield tag="500" ind1="1" ind2=" ">
    <subfield code="w">r</subfield>
    <subfield code="i">Member:</subfield>
    <subfield code="a">Harrell, Tom</subfield>
  </datafield>
  <datafield tag="500" ind1="1" ind2=" ">
    <subfield code="w">r</subfield>
    <subfield code="i">Member:</subfield>
    <subfield code="a">Iverson, Ethan</subfield>
  </datafield>
  <datafield tag="500" ind1="1" ind2=" ">
    <subfield code="w">r</subfield>
    <subfield code="i">Member:</subfield>
    <subfield code="a">McPherson, Eric</subfield>
  </datafield>
  <datafield tag="500" ind1="1" ind2=" ">
    <subfield code="w">r</subfield>
    <subfield code="i">Member:</subfield>
    <subfield code="a">Street, Ben</subfield>
  </datafield>
  <datafield tag="670" ind1=" " ind2=" ">
    <subfield code="a">Common practice, 2019:</subfield>
    <subfield code="b">label (Ethan Iverson Quartet) container (Tom Harrell, trumpet; Ethan Iverson, piano; Ben Street, double bass; Eric McPherson, drums)</subfield>
  </datafield>
</record>