
<record>
  <leader>00916cz  a2200217n  4500</leader>
  <controlfield tag="001">11247138</controlfield>
  <controlfield tag="003">DLC</controlfield>
  <controlfield tag="005">20200104073240.0</controlfield>
  <controlfield tag="008">191213n| azannaabn          |n aaa     c</controlfield>
  <datafield tag="010" ind1=" " ind2=" ">
    <subfield code="a">no2019185313</subfield>
  </datafield>
  <datafield tag="016" ind1=" " ind2=" ">
    <subfield code="a">0074L7882E</subfield>
  </datafield>
  <datafield tag="035" ind1=" " ind2=" ">
    <subfield code="a">(OCoLC)oca12635794</subfield>
  </datafield>
  <datafield tag="040" ind1=" " ind2=" ">
    <subfield code="a">CaBViV</subfield>
    <subfield code="b">eng</subfield>
    <subfield code="e">rda</subfield>
    <subfield code="c">CaBViV</subfield>
    <subfield code="d">CaOONL</subfield>
  </datafield>
  <datafield tag="046" ind1=" " ind2=" ">
    <subfield code="f">1911</subfield>
    <subfield code="2">edtf</subfield>
  </datafield>
  <datafield tag="100" ind1="1" ind2=" ">
    <subfield code="a">Oille, Lucille,</subfield>
    <subfield code="d">1911-</subfield>
  </datafield>
  <datafield tag="370" ind1=" " ind2=" ">
    <subfield code="a">Toronto (Ont.)</subfield>
    <subfield code="2">naf</subfield>
  </datafield>
  <datafield tag="374" ind1=" " ind2=" ">
    <subfield code="a">Artists</subfield>
    <subfield code="2">lcsh</subfield>
  </datafield>
  <datafield tag="670" ind1=" " ind2=" ">
    <subfield code="a">The Moonstruck Two, ©1964:</subfield>
    <subfield code="b">Rear dustjacket flap (Lucille Oille; Toronto-born artist; married Kenneth Wells in 1936 and illustrated five of his books; also works with wood engraving, scratchboard illustration, and sculpture)</subfield>
  </datafield>
  <datafield tag="670" ind1=" " ind2=" ">
    <subfield code="a">OCLC, viewed 13 December 2019</subfield>
    <subfield code="b">(Access point: Oille, Lucille; Oille, Lucille, 1911- )</subfield>
  </datafield>
  <datafield tag="670" ind1=" " ind2=" ">
    <subfield code="a">Canadiana database, viewed 13 December 2019</subfield>
    <subfield code="b">(Authorized access point: Oille, Lucille)</subfield>
  </datafield>
  <datafield tag="700" ind1="1" ind2="6">
    <subfield code="a">Oille, Lucille</subfield>
    <subfield code="0">(CaOONL)ncf10379079</subfield>
  </datafield>
</record>