
<record>
  <leader>01391cz  a2200241n  4500</leader>
  <controlfield tag="001">11247984</controlfield>
  <controlfield tag="003">DLC</controlfield>
  <controlfield tag="005">20200104073240.0</controlfield>
  <controlfield tag="008">191216n| azannaabn          |a ana     c</controlfield>
  <datafield tag="010" ind1=" " ind2=" ">
    <subfield code="a">no2019185718</subfield>
  </datafield>
  <datafield tag="035" ind1=" " ind2=" ">
    <subfield code="a">(OCoLC)oca12639099</subfield>
  </datafield>
  <datafield tag="040" ind1=" " ind2=" ">
    <subfield code="a">AkARLIS</subfield>
    <subfield code="b">eng</subfield>
    <subfield code="e">rda</subfield>
    <subfield code="c">AkARLIS</subfield>
    <subfield code="d">AkARLIS</subfield>
  </datafield>
  <datafield tag="046" ind1=" " ind2=" ">
    <subfield code="s">2011-11-27</subfield>
    <subfield code="t">2011-12-02</subfield>
    <subfield code="2">edtf</subfield>
  </datafield>
  <datafield tag="111" ind1="2" ind2=" ">
    <subfield code="a">Conference on the Biology of Marine Mammals</subfield>
    <subfield code="n">(19th :</subfield>
    <subfield code="d">2011 :</subfield>
    <subfield code="c">Tampa, Fla.)</subfield>
  </datafield>
  <datafield tag="368" ind1=" " ind2=" ">
    <subfield code="a">Congresses and conventions</subfield>
    <subfield code="2">lcsh</subfield>
  </datafield>
  <datafield tag="370" ind1=" " ind2=" ">
    <subfield code="e">Tampa (Fla.)</subfield>
    <subfield code="2">naf</subfield>
  </datafield>
  <datafield tag="372" ind1=" " ind2=" ">
    <subfield code="a">Marine mammals</subfield>
    <subfield code="a">Marine biology</subfield>
    <subfield code="2">lcsh</subfield>
  </datafield>
  <datafield tag="377" ind1=" " ind2=" ">
    <subfield code="a">eng</subfield>
  </datafield>
  <datafield tag="411" ind1="2" ind2=" ">
    <subfield code="a">Biennial Conference on the Biology of Marine Mammals</subfield>
    <subfield code="n">(19th :</subfield>
    <subfield code="d">2011 :</subfield>
    <subfield code="c">Tampa, Fla.)</subfield>
  </datafield>
  <datafield tag="411" ind1="2" ind2=" ">
    <subfield code="a">Conference on the Biology of Marine Mammals, Biennial</subfield>
    <subfield code="n">(19th :</subfield>
    <subfield code="d">2011 :</subfield>
    <subfield code="c">Tampa, Fla.)</subfield>
  </datafield>
  <datafield tag="510" ind1="2" ind2=" ">
    <subfield code="w">r</subfield>
    <subfield code="i">Sponsoring corporate body:</subfield>
    <subfield code="a">Society for Marine Mammalogy</subfield>
  </datafield>
  <datafield tag="510" ind1="1" ind2=" ">
    <subfield code="w">r</subfield>
    <subfield code="i">Host institution:</subfield>
    <subfield code="a">United States.</subfield>
    <subfield code="b">National Marine Fisheries Service.</subfield>
    <subfield code="b">Southeast Region</subfield>
  </datafield>
  <datafield tag="670" ind1=" " ind2=" ">
    <subfield code="a">Biennial Conference on the Biology of Marine Mammals (19th : 2011 : Tampa, Fla.). Program, 2011?:</subfield>
    <subfield code="b">title page (19th Biennial Conference on the Biology of Marine Mammals : Tampa, Florida, 2011) page i (19th Biennial Conference on the Biology of Marine Mammals, Tampa, Florida, November 27-December 2, 2011, hosted by National Marine Fisheries Service, Southeast Regional Office, National Marine Fisheries Service, St. Petersburg, Florida)</subfield>
  </datafield>
</record>