
<record>
  <leader>00664cz  a2200181n  4500</leader>
  <controlfield tag="001">11248128</controlfield>
  <controlfield tag="003">DLC</controlfield>
  <controlfield tag="005">20200104073240.0</controlfield>
  <controlfield tag="008">191216n| azannaabn          |n aaa     c</controlfield>
  <datafield tag="010" ind1=" " ind2=" ">
    <subfield code="a">no2019185865</subfield>
  </datafield>
  <datafield tag="016" ind1=" " ind2=" ">
    <subfield code="a">0000B3210E</subfield>
  </datafield>
  <datafield tag="035" ind1=" " ind2=" ">
    <subfield code="a">(OCoLC)oca12639366</subfield>
  </datafield>
  <datafield tag="040" ind1=" " ind2=" ">
    <subfield code="a">CaBViV</subfield>
    <subfield code="b">eng</subfield>
    <subfield code="e">rda</subfield>
    <subfield code="c">CaBViV</subfield>
    <subfield code="d">CaOONL</subfield>
  </datafield>
  <datafield tag="100" ind1="1" ind2=" ">
    <subfield code="a">Griffith, Julius</subfield>
  </datafield>
  <datafield tag="374" ind1=" " ind2=" ">
    <subfield code="a">Book designers</subfield>
    <subfield code="a">Artists</subfield>
    <subfield code="a">Cartographers</subfield>
    <subfield code="2">lcsh</subfield>
  </datafield>
  <datafield tag="670" ind1=" " ind2=" ">
    <subfield code="a">One day at a time, 1957:</subfield>
    <subfield code="b">Jacket flap (Jacket design and endpaper maps by Julius Griffith)</subfield>
  </datafield>
  <datafield tag="670" ind1=" " ind2=" ">
    <subfield code="a">Canadiana database, viewed 16 December 2019</subfield>
    <subfield code="b">(Authorized access point: Griffith, Julius; His Watercolours.)</subfield>
  </datafield>
  <datafield tag="700" ind1="1" ind2="6">
    <subfield code="a">Griffith, Julius</subfield>
    <subfield code="0">(CaOONL)ncf10078303</subfield>
  </datafield>
</record>