
<record>
  <leader>00737cz  a2200205n  4500</leader>
  <controlfield tag="001">11248339</controlfield>
  <controlfield tag="003">DLC</controlfield>
  <controlfield tag="005">20200104073240.0</controlfield>
  <controlfield tag="008">191216n| azannaabn          |a aaa     c</controlfield>
  <datafield tag="010" ind1=" " ind2=" ">
    <subfield code="a">no2019186116</subfield>
  </datafield>
  <datafield tag="016" ind1=" " ind2=" ">
    <subfield code="a">0041H6412E</subfield>
  </datafield>
  <datafield tag="035" ind1=" " ind2=" ">
    <subfield code="a">(OCoLC)oca12639617</subfield>
  </datafield>
  <datafield tag="040" ind1=" " ind2=" ">
    <subfield code="a">CaBViV</subfield>
    <subfield code="b">eng</subfield>
    <subfield code="e">rda</subfield>
    <subfield code="c">CaBViV</subfield>
    <subfield code="d">CaOONL</subfield>
  </datafield>
  <datafield tag="046" ind1=" " ind2=" ">
    <subfield code="f">1867</subfield>
    <subfield code="g">1929</subfield>
    <subfield code="2">edtf</subfield>
  </datafield>
  <datafield tag="100" ind1="1" ind2=" ">
    <subfield code="a">Shaw, M. A.</subfield>
    <subfield code="q">(Marlow Alexander),</subfield>
    <subfield code="d">1867-1929</subfield>
  </datafield>
  <datafield tag="378" ind1=" " ind2=" ">
    <subfield code="q">Marlow Alexander</subfield>
  </datafield>
  <datafield tag="400" ind1="1" ind2=" ">
    <subfield code="a">Shaw, Marlow Alexander</subfield>
  </datafield>
  <datafield tag="670" ind1=" " ind2=" ">
    <subfield code="a">The Happy Islands, ©1926:</subfield>
    <subfield code="b">Title page (By Marlow A. Shaw)</subfield>
  </datafield>
  <datafield tag="670" ind1=" " ind2=" ">
    <subfield code="a">Canadiana database, viewed 16 December 2019</subfield>
    <subfield code="b">(Authorized access point: Shaw, M. A.  (Marlow Alexander), 1867-1929)</subfield>
  </datafield>
  <datafield tag="700" ind1="1" ind2="6">
    <subfield code="a">Shaw, M. A.</subfield>
    <subfield code="q">(Marlow Alexander),</subfield>
    <subfield code="c">1867-1929</subfield>
    <subfield code="0">(CaOONL)ncf10166325</subfield>
  </datafield>
</record>