
<record>
  <leader>01190cz  a2200205n  4500</leader>
  <controlfield tag="001">11249112</controlfield>
  <controlfield tag="003">DLC</controlfield>
  <controlfield tag="005">20200104073240.0</controlfield>
  <controlfield tag="008">191217n| azannaabn          |a ana     c</controlfield>
  <datafield tag="010" ind1=" " ind2=" ">
    <subfield code="a">no2019186412</subfield>
  </datafield>
  <datafield tag="035" ind1=" " ind2=" ">
    <subfield code="a">(OCoLC)oca12639913</subfield>
  </datafield>
  <datafield tag="040" ind1=" " ind2=" ">
    <subfield code="a">NNC</subfield>
    <subfield code="b">eng</subfield>
    <subfield code="e">rda</subfield>
    <subfield code="c">NNC</subfield>
    <subfield code="d">NNC</subfield>
  </datafield>
  <datafield tag="151" ind1=" " ind2=" ">
    <subfield code="a">Crown Heights North Historic District (New York, N.Y.)</subfield>
  </datafield>
  <datafield tag="368" ind1=" " ind2=" ">
    <subfield code="b">Historic districts</subfield>
    <subfield code="2">lcsh</subfield>
  </datafield>
  <datafield tag="370" ind1=" " ind2=" ">
    <subfield code="e">New York (N.Y.)</subfield>
    <subfield code="2">naf</subfield>
  </datafield>
  <datafield tag="410" ind1="1" ind2=" ">
    <subfield code="a">New York (N.Y.).</subfield>
    <subfield code="b">Crown Heights North Historic District</subfield>
  </datafield>
  <datafield tag="667" ind1=" " ind2=" ">
    <subfield code="a">SUBJECT USAGE: This heading is not valid for use as a geographic subdivision.</subfield>
  </datafield>
  <datafield tag="670" ind1=" " ind2=" ">
    <subfield code="a">New York (N.Y.). Landmarks Preservation Commission. Crown Heights North Historic District, 2007, viewed on December 16, 2019:</subfield>
    <subfield code="b">electronic title caption (Crown Heights North Historic District) electronic page 1 (On September 19, 2006, the Landmarks Preservation Commission held a public hearing on the proposed designation of the Crown Heights North Historic District)</subfield>
  </datafield>
  <datafield tag="670" ind1=" " ind2=" ">
    <subfield code="a">AIA guide to New York City, 2000:</subfield>
    <subfield code="b">page 686 (Crown Heights North Historic District)</subfield>
  </datafield>
  <datafield tag="670" ind1=" " ind2=" ">
    <subfield code="a">Guide to New York City landmarks, 2003:</subfield>
    <subfield code="b">page 266 (Crown Heights North Historic District, Brooklyn; designated landmark 2007)</subfield>
  </datafield>
</record>