
<record>
  <leader>01274cz  a2200289n  4500</leader>
  <controlfield tag="001">11253070</controlfield>
  <controlfield tag="003">DLC</controlfield>
  <controlfield tag="005">20200104060007.0</controlfield>
  <controlfield tag="008">190913|| anannbabn          |a ana     c</controlfield>
  <datafield tag="010" ind1=" " ind2=" ">
    <subfield code="a">sh2019102807</subfield>
  </datafield>
  <datafield tag="035" ind1=" " ind2=" ">
    <subfield code="a">sh2019102807</subfield>
  </datafield>
  <datafield tag="040" ind1=" " ind2=" ">
    <subfield code="a">NcU</subfield>
    <subfield code="b">eng</subfield>
    <subfield code="c">DLC</subfield>
  </datafield>
  <datafield tag="151" ind1=" " ind2=" ">
    <subfield code="a">Tryon Peak (N.C.)</subfield>
  </datafield>
  <datafield tag="451" ind1=" " ind2=" ">
    <subfield code="a">Mount Tryon (N.C.)</subfield>
  </datafield>
  <datafield tag="451" ind1=" " ind2=" ">
    <subfield code="a">Tryon Mountain (Polk County, N.C.)</subfield>
  </datafield>
  <datafield tag="551" ind1=" " ind2=" ">
    <subfield code="w">g</subfield>
    <subfield code="a">Blue Ridge Mountains</subfield>
  </datafield>
  <datafield tag="550" ind1=" " ind2=" ">
    <subfield code="w">g</subfield>
    <subfield code="a">Mountains</subfield>
    <subfield code="z">North Carolina</subfield>
  </datafield>
  <datafield tag="670" ind1=" " ind2=" ">
    <subfield code="a">Work cat: The mountain winds, 1855:</subfield>
    <subfield code="b">page 164 (Mount Tryon, a lofty summit, looking into South Carolina)</subfield>
  </datafield>
  <datafield tag="670" ind1=" " ind2=" ">
    <subfield code="a">GNIS, Sept. 13, 2019</subfield>
    <subfield code="b">(Tryon Peak; summit in Polk County, N.C.; variant name: Tryon Mountain; 351558N 082436W; Tryon Mountain is also a variant name for McHargue Mountain in Iredell County, N.C.)</subfield>
  </datafield>
  <datafield tag="670" ind1=" " ind2=" ">
    <subfield code="a">The North Carolina gazetteer, ©2010</subfield>
    <subfield code="b">(Tryon Mountain; west Polk County above the town of Tryon)</subfield>
  </datafield>
  <datafield tag="670" ind1=" " ind2=" ">
    <subfield code="a">Peakbagger WWW site, Nov. 25, 2019:</subfield>
    <subfield code="b">(Tryon Peak, North Carolina; in the Blue Ridge Mountains)</subfield>
  </datafield>
  <datafield tag="781" ind1=" " ind2="0">
    <subfield code="z">North Carolina</subfield>
    <subfield code="z">Tryon Peak</subfield>
  </datafield>
  <datafield tag="910" ind1=" " ind2=" ">
    <subfield code="a">Record saved by tc15 on 01/03/2020 at 09:36:15</subfield>
  </datafield>
  <datafield tag="910" ind1=" " ind2=" ">
    <subfield code="a">Proposal saved by tc03 on 12/04/2019 at 11:50:46</subfield>
  </datafield>
  <datafield tag="952" ind1=" " ind2=" ">
    <subfield code="a">Bib. records to be changed: 0</subfield>
  </datafield>
  <datafield tag="952" ind1=" " ind2=" ">
    <subfield code="a">LC pattern: SHM H 690</subfield>
  </datafield>
  <datafield tag="906" ind1=" " ind2=" ">
    <subfield code="t">1911</subfield>
    <subfield code="v">0</subfield>
  </datafield>
</record>