
<record>
  <leader>00632cz  a2200169n  4500</leader>
  <controlfield tag="001">11253104</controlfield>
  <controlfield tag="003">DLC</controlfield>
  <controlfield tag="005">20200104073236.0</controlfield>
  <controlfield tag="008">190513n| azannaabn          |n ana     c</controlfield>
  <datafield tag="010" ind1=" " ind2=" ">
    <subfield code="a">no2019070823</subfield>
  </datafield>
  <datafield tag="035" ind1=" " ind2=" ">
    <subfield code="a">(OCoLC)oca12068384</subfield>
  </datafield>
  <datafield tag="040" ind1=" " ind2=" ">
    <subfield code="a">IAhCCS</subfield>
    <subfield code="b">eng</subfield>
    <subfield code="e">rda</subfield>
    <subfield code="c">IAhCCS</subfield>
    <subfield code="d">OCoLC</subfield>
  </datafield>
  <datafield tag="046" ind1=" " ind2=" ">
    <subfield code="s">2002</subfield>
    <subfield code="2">edtf</subfield>
  </datafield>
  <datafield tag="110" ind1="2" ind2=" ">
    <subfield code="a">Ánima Estudios</subfield>
  </datafield>
  <datafield tag="370" ind1=" " ind2=" ">
    <subfield code="c">Mexico</subfield>
    <subfield code="2">naf</subfield>
  </datafield>
  <datafield tag="670" ind1=" " ind2=" ">
    <subfield code="a">Top Cat, 2013?:</subfield>
    <subfield code="b">container (Ánima Estudios)</subfield>
  </datafield>
  <datafield tag="670" ind1=" " ind2=" ">
    <subfield code="a">Wikipedia, viewed May 13, 2019</subfield>
    <subfield code="b">(Ánima Estudios is an animation studio founded in 2002 by Fernando De Fuentes S. and Jose C. Garcia De Letona. Mexico City)</subfield>
    <subfield code="u">https://en.wikipedia.org/wiki/%C3%81nima_Estudios</subfield>
  </datafield>
</record>