
<record>
  <leader>00467cz  a2200145n  4500</leader>
  <controlfield tag="001">11253193</controlfield>
  <controlfield tag="003">DLC</controlfield>
  <controlfield tag="005">20200104073240.0</controlfield>
  <controlfield tag="008">191220n| azannaabn          |a aaa     c</controlfield>
  <datafield tag="010" ind1=" " ind2=" ">
    <subfield code="a">no2019189096</subfield>
  </datafield>
  <datafield tag="035" ind1=" " ind2=" ">
    <subfield code="a">(OCoLC)oca12649137</subfield>
  </datafield>
  <datafield tag="040" ind1=" " ind2=" ">
    <subfield code="a">IlMpPL</subfield>
    <subfield code="b">eng</subfield>
    <subfield code="e">rda</subfield>
    <subfield code="c">IlMpPL</subfield>
    <subfield code="d">ICrlF</subfield>
  </datafield>
  <datafield tag="100" ind1="1" ind2=" ">
    <subfield code="a">Lark, Sarah,</subfield>
    <subfield code="d">1958-</subfield>
    <subfield code="t">Klang des Muschelhorns.</subfield>
    <subfield code="l">Polish</subfield>
  </datafield>
  <datafield tag="400" ind1="1" ind2=" ">
    <subfield code="a">Lark, Sarah,</subfield>
    <subfield code="d">1958-</subfield>
    <subfield code="t">Dzwięk rogu w kształcie muszli</subfield>
  </datafield>
  <datafield tag="670" ind1=" " ind2=" ">
    <subfield code="a">Lark, Sarah. Dzwięk rogu w kształcie muszli, 2019.</subfield>
  </datafield>
</record>