
<record>
  <leader>00493cz  a2200133n  4500</leader>
  <controlfield tag="001">11255945</controlfield>
  <controlfield tag="003">DLC</controlfield>
  <controlfield tag="005">20200104073240.0</controlfield>
  <controlfield tag="008">191228n| azannaabn          |n aaa     c</controlfield>
  <datafield tag="010" ind1=" " ind2=" ">
    <subfield code="a">no2019191173</subfield>
  </datafield>
  <datafield tag="035" ind1=" " ind2=" ">
    <subfield code="a">(OCoLC)oca12663874</subfield>
  </datafield>
  <datafield tag="040" ind1=" " ind2=" ">
    <subfield code="a">MdRoLAC</subfield>
    <subfield code="b">eng</subfield>
    <subfield code="e">rda</subfield>
    <subfield code="c">MdRoLAC</subfield>
    <subfield code="d">MdRoLAC</subfield>
  </datafield>
  <datafield tag="100" ind1="1" ind2=" ">
    <subfield code="a">Decembrio, Uberto,</subfield>
    <subfield code="d">approximately 1350-1427.</subfield>
    <subfield code="t">De re publica libri IV.</subfield>
  </datafield>
  <datafield tag="670" ind1=" " ind2=" ">
    <subfield code="a">Uberto Decembrio, Four books on the commonwealth = De re publica libri IV, 2020:</subfield>
    <subfield code="b">(edited and translated by Paolo Ponzù Donato)</subfield>
  </datafield>
</record>