
<record>
  <leader>00973cz  a2200205n  4500</leader>
  <controlfield tag="001">11256590</controlfield>
  <controlfield tag="003">DLC</controlfield>
  <controlfield tag="005">20200104073240.0</controlfield>
  <controlfield tag="008">191230n| azannaabn          |a aaa     c</controlfield>
  <datafield tag="010" ind1=" " ind2=" ">
    <subfield code="a">no2019191361</subfield>
  </datafield>
  <datafield tag="035" ind1=" " ind2=" ">
    <subfield code="a">(OCoLC)oca12664162</subfield>
  </datafield>
  <datafield tag="040" ind1=" " ind2=" ">
    <subfield code="a">NJQ</subfield>
    <subfield code="b">eng</subfield>
    <subfield code="e">rda</subfield>
    <subfield code="c">NJQ</subfield>
    <subfield code="d">NJQ</subfield>
  </datafield>
  <datafield tag="046" ind1=" " ind2=" ">
    <subfield code="f">1958</subfield>
    <subfield code="2">edtf</subfield>
  </datafield>
  <datafield tag="100" ind1="1" ind2=" ">
    <subfield code="a">Carillo, Emilio,</subfield>
    <subfield code="d">1958-</subfield>
  </datafield>
  <datafield tag="374" ind1=" " ind2=" ">
    <subfield code="a">Authors</subfield>
    <subfield code="a">Economists</subfield>
    <subfield code="2">lcsh</subfield>
  </datafield>
  <datafield tag="375" ind1=" " ind2=" ">
    <subfield code="a">Males</subfield>
    <subfield code="2">lcdgt</subfield>
  </datafield>
  <datafield tag="377" ind1=" " ind2=" ">
    <subfield code="a">spa</subfield>
  </datafield>
  <datafield tag="400" ind1="1" ind2=" ">
    <subfield code="a">Carrillo Benito, Emilio‏ ‎</subfield>
    <subfield code="d">1958-‏</subfield>
  </datafield>
  <datafield tag="670" ind1=" " ind2=" ">
    <subfield code="a">Conócete a ti mismo, 2019:</subfield>
    <subfield code="b">title page (Emilio Carrillo) page 277 (Emilio Carrillo Benito, economist, writer, and former vice mayor of Seville ; after a series of vital and conscientious experiences is when he focused mainly on philosophy, history and spirituality, fields in which he has given a multitude of conferences and workshops)</subfield>
  </datafield>
  <datafield tag="670" ind1=" " ind2=" ">
    <subfield code="a">Biblioteca Nacional de España in VIAF, viewed December 30, 2019:</subfield>
    <subfield code="b">(hdg: Carrillo, Emilio, ‏1958- ; Carrillo Benito, Emilio, 1958-‏)</subfield>
  </datafield>
</record>