
<record>
  <leader>00939cz  a2200193n  4500</leader>
  <controlfield tag="001">11256929</controlfield>
  <controlfield tag="003">DLC</controlfield>
  <controlfield tag="005">20200104073240.0</controlfield>
  <controlfield tag="008">191231n| azannaabn          |n ana     c</controlfield>
  <datafield tag="010" ind1=" " ind2=" ">
    <subfield code="a">no2019191477</subfield>
  </datafield>
  <datafield tag="035" ind1=" " ind2=" ">
    <subfield code="a">(OCoLC)oca12664278</subfield>
  </datafield>
  <datafield tag="040" ind1=" " ind2=" ">
    <subfield code="a">MdRoLAC</subfield>
    <subfield code="b">eng</subfield>
    <subfield code="e">rda</subfield>
    <subfield code="c">MdRoLAC</subfield>
    <subfield code="d">MdRoLAC</subfield>
  </datafield>
  <datafield tag="046" ind1=" " ind2=" ">
    <subfield code="s">2018-08-19</subfield>
    <subfield code="t">2018-08-23</subfield>
    <subfield code="2">edtf</subfield>
  </datafield>
  <datafield tag="111" ind1="2" ind2=" ">
    <subfield code="a">American Chemical Society. Meeting</subfield>
    <subfield code="n">(256th :</subfield>
    <subfield code="d">2018 :</subfield>
    <subfield code="c">Boston, Mass.)</subfield>
  </datafield>
  <datafield tag="368" ind1=" " ind2=" ">
    <subfield code="a">Congresses and conventions</subfield>
    <subfield code="2">lcsh</subfield>
  </datafield>
  <datafield tag="370" ind1=" " ind2=" ">
    <subfield code="f">Boston (Mass.)</subfield>
    <subfield code="2">naf</subfield>
  </datafield>
  <datafield tag="372" ind1=" " ind2=" ">
    <subfield code="a">Chemistry</subfield>
    <subfield code="2">lcsh</subfield>
  </datafield>
  <datafield tag="670" ind1=" " ind2=" ">
    <subfield code="a">Innovations for safe and sustainable crop protection products, 2019:</subfield>
    <subfield code="b">eCIP title page (Kari Lynn, editor ; Mingming Ma, editor ; Qiang Yang, editor ; Qi Yao, editor)</subfield>
  </datafield>
  <datafield tag="670" ind1=" " ind2=" ">
    <subfield code="a">ACS conference webpage, viewed 31 December 2019:</subfield>
    <subfield code="b">(256th ACS National Meeting &amp; Exposition / Aug 19, 2018 - Aug 23, 2018 12:00 am  Location Boston, Massachusetts)</subfield>
    <subfield code="u">https://global.acs.org/events/256th-acs-national-meeting-exposition/</subfield>
  </datafield>
</record>
</collection>
